3059 4867
215 367 265 439 di
531 382 775 437 rasuruonra·
791 382 839 437 ar
860 370 1027 437 roorora'

621 624 688 692 JO.
711 625 920 704 SAVARO,

225 764 268 841 r'u'
302 790 414 844 rear.
438 792 490 841 sn
512 792 598 841 uer.
625 790 720 841 sors
754 790 793 839 ru
829 792 946 841 maun.
974 791 1128 841 rnouuu
1153 792 1203 841 uu
1227 792 1318 842 vrrs

631 894 791 943 arcane.
815 892 915 942 rurr.

214 1008 220 1015 ’
268 1028 371 1095 Hunc
392 1028 512 1093 librum
529 1026 623 1094 Com.
641 1028 756 1115 Nepoti
779 1032 898 1095 asserit
919 1032 996 1114 ipsa
1018 1031 1193 1115 praelatio:
1215 1029 1322 1095 ‘Nou

224 1132 341 1202 dubito
355 1132 425 1197 iore
439 1134 626 1219 plerosque,
642 1132 781 1211 Attice}
793 1137 866 1210 tto,
882 1138 974 1197 etex
987 1133 1059 1197 rita
1073 1133 1225 1209 Catonis,
1240 1132 1320 1197 illa:
1354 1119 1359 1127 ⁹

225 1242 236 1273 ⁸
254 1234 371 1319 Hujus
383 1234 425 1298 de
437 1234 506 1299 rita
516 1241 550 1299 ot
560 1235 708 1301 moribus
717 1236 856 1319 plurain
867 1254 910 1298 eo
921 1234 1007 1299 lihro
1018 1235 1182 1317 parsecuti
1194 1250 1321 1310 sumus,

225 1357 325 1422 quem
339 1337 520 1420 separatim
535 1337 575 1401 de
590 1358 632 1403 co
648 1338 798 1415 fecimus,
814 1342 930 1419 rogatu
944 1336 985 1401 Τ.
1000 1335 1177 1419 Pomponii
1192 1331 1322 1411 athei:

216 1441 304 1523 ,8ωῆ
327 1442 421 1524 cujus
437 1438 573 1522 quidem
598 1439 672 1503 libri
692 1438 921 1521 fragmentum,
945 1457 991 1502 ex
1006 1436 1162 1502 Cornelio
1179 1434 1323 1517 Nepote,

224 1540 362 1606 laudare
379 1541 509 1606 videtur
524 1540 666 1617 Gellius,
675 1540 734 1604 lib.
747 1558 799 1604 xr.
813 1559 890 1624 cap.
905 1542 939 1605 8.
962 1540 1130 1604 Praeterea
1143 1537 1266 1601 ‘libros
1280 1535 1324 1600 da

229 1640 319 1729 Viris
331 1643 536 1721 illustribus:
559 1648 705 1709 veterum
719 1645 855 1726 scriptis
865 1642 1032 1719 ·celehres,
1052 1641 1111 1723 qui
1130 1637 1326 1722 Ncpctltri·
1395 1708 1402 1717 ‚

225 1742 381 1821 beantur,
396 1744 439 1807 ab
451 1744 553 1827 hujus
565 1744 640 1809 libri
654 1751 788 1811 auctore
801 1743 973 1809 conlectos
988 1763 1076 1820 esse,
1092 1742 1175 1807 satis
1185 1743 1327 1823 apparet

228 1863 272 1909 ex
288 1843 351 1909 line
368 1844 573 1909 Hannibalis
587 1846 668 1910 ritae
679 1854 698 1910 :⁸
708 1850 718 1879 ‘
730 1846 797 1911 Sed
822 1864 887 1911 nos
902 1851 1032 1928 tempos
1045 1848 1109 1919 est,
1131 1838 1326 1927 hujoslibn'

226 1944 338 2012 iacere
352 1948 462 2026 finem,
478 1954 514 2011 et
528 1947 753 2013 Romanorum
769 1949 941 2030 explicaro
955 1947 1181 2029 imperatores,
1197 1960 1266 2027 quo
1276 1942 1327 2007 fa·

228 2048 340 2127 cilius,
356 2050 488 2115 collatis
501 2055 712 2136 utrorumque
732 2050 843 2128 tactis,
866 2052 923 2135 qui
939 2050 1002 2113 riri
1025 2045 1223 2132 praeferendi
1246 2045 1326 2122 sint,

227 2153 339 2235 possit
348 2152 514 2237 judicari!
557 2152 667 2217 Tanta
681 2152 781 2217 etiam
795 2153 946 2217 suavitas
960 2156 1013 2215 est
1026 2149 1189 2214 murenis
1203 2146 1327 2226 Latini,

229 2257 266 2315 ut
296 2261 470 2337 appareat,
488 2255 521 2316 in
543 2275 584 2319 eo
613 2257 758 2339 nativum
786 2254 950 2338 quendam
978 2253 1124 2335 leporem
1138 2269 1238 2327 ,assa
1261 2267 1328 2315 uon

229 2351 404 2431 adscitum,
428 2354 539 2437 etjam
565 2374 640 2419 sevo
654 2355 840 2419 Theodosii
856 2356 1010 2431 desitum,
1033 2371 1103 2436 quo
1128 2371 1192 2415 nou
1207 2369 1329 2434 parum

229 2455 391 2521 inclinata
406 2462 475 2521 erat
490 2456 633 2521 Latiaris
647 2456 848 2540 eloquentia
876 2452 1039 2519 AEmiliam
1049 2460 1161 2519 autem
1176 2451 1328 2531 Probata,

228 2553 326 2641 cujus
347 2557 480 2623 nomine
509 2558 731 2623 circumfertur
758 2559 814 2625 hic
837 2560 930 2636 liher,
954 2557 1149 2623 Theodosio
1175 2561 1328 2635 regnante

230 2657 374 2736 vixisse,
398 2664 432 2723 et
455 2658 599 2743 hujusce
621 2660 694 2723 libri
719 2662 962 2745 exscriptorem
985 2660 1096 2743 potius
1118 2678 1206 2734 csse,
1229 2676 1330 2741 qnam

233 2766 415 2839 auctorem,
431 2768 525 2844 patet
537 2780 582 2824 ex
596 2760 648 2824 his
664 2764 839 2826 versibus:
859 2761 992 2839 ‘Vada
1006 2758 1109 2837 liber,'
1122 2764 1182 2823 hc.
1195 2758 1247 2842 (p.
1261 2754 1332 2843 19.)

233 2862 304 2927 Hic
326 2881 404 2943 ergo
429 2881 489 2926 sno
520 2864 647 2927 auctori
673 2863 842 2940 reddatur,
878 2883 979 2946 quem
1001 2864 1067 2927 sibi
1090 2862 1189 2928 Corn.
1212 2861 1332 2944 Nepos

228 2962 319 3046 justo
333 2963 431 3028 titulo
446 2963 605 3041 vindicat,
620 2984 784 3048 quemque
799 2985 918 3031 cooero
933 2985 999 3030 suo
1013 2972 1048 3028 et
1060 2965 1216 3029 familiari
1230 2962 1332 3028 Pom-

231 3064 335 3150 ponio
358 3062 473 3130 Attico
500 3065 601 3143 dedit,
622 3067 719 3150 cujus
743 3068 846 3155 ctiam
867 3074 984 3149 rogatu
1007 3069 1109 3131 ritum
1128 3065 1179 3131 M.
1193 3066 1332 3130 Catenis

234 3166 415 3250 separatim
431 3166 577 3248 scripsit,
592 3166 685 3232 atilli
701 3176 882 3251 superstes,
897 3168 1173 3250 elegantissimam
1183 3166 1333 3250 ejusdem

234 3270 314 3333 vitm
330 3266 600 3333 consuetudinem
615 3269 780 3351 elegantia
794 3271 868 3352 pari
888 3277 1086 3352 prosecutus
1100 3275 1161 3333 est.
1200 3268 1334 3360 'Praeter

236 3368 442 3445 ‘Chronica'
457 3369 580 3435 ‘libros
597 3362 859 3453 Exemplorum,’
875 3372 938 3434 ‘de
954 3370 1044 3433 Viris
1065 3369 1274 3447 illustribus,’
1299 3372 1335 3433 et

237 3473 300 3538 ‘de
318 3472 391 3534 rita
412 3467 575 3549 Catonis,'
598 3472 719 3536 librum
742 3492 779 3536 se
803 3472 868 3537 ‘de
892 3472 1064 3536 historicis
1090 3469 1229 3535 Graecls’
1254 3488 1335 3534 con·

233 3573 413 3657 scripsisse
435 3578 573 3637 testatur
591 3574 624 3637 in
650 3574 781 3641 Dione:
805 3574 899 3639 ‘Sed
919 3573 1041 3637 dehoc
1055 3573 1088 3635 in
1106 3590 1149 3635 eo
1161 3568 1335 3635 meolihro

231 3674 687 3760 .pluras1mtexposita,qai
710 3676 752 3741 de
778 3676 949 3741 historicis
970 3674 1100 3739 Graecis
1122 3672 1337 3754 conscriptus
1468 3736 1474 3744 ,

231 3775 306 3843 ast:
349 3774 425 3860 (Sic
440 3775 528 3839 enim
543 3795 588 3839 ex
608 3774 692 3839 Mes.
715 3776 884 3841 bonafide
898 3771 1071 3858 supplevi)
1084 3782 1185 3857 atque
1198 3772 1339 3837 alterum

232 3875 347 3945 edidit
364 3876 429 3939 ‘da
456 3876 586 3941 Latinis
611 3875 801 3954 historicis,'
824 3898 867 3942 ex
891 3896 959 3961 quo
981 3882 1142 3959 excerpta
1160 3874 1339 3958 esseirag·

232 3982 351 4053 menta
363 3972 538 4054 Corneliae,
554 3976 783 4045 Gracchomm
798 3981 924 4057 matris,
939 3978 1069 4045 Giiauii
1083 3978 1202 4045 codice
1214 3978 1340 4062 proha·

240 4082 302 4143 tur.
347 4076 451 4155 Quod
481 4078 523 4144 ad
549 4080 682 4145 Daretis
704 4079 842 4165 Phrygii
865 4081 1048 4156 historiam,
1073 4098 1176 4162 quam
1194 4099 1218 4143 a
1239 4077 1342 4145 (lom.

240 4176 376 4265 Nepete
397 4178 517 4245 Latine
544 4182 708 4251 redditam
727 4180 971 4250 Volaterranos
990 4186 1025 4247 et
1042 4182 1101 4247 alii
1125 4180 1340 4263 tradiderunt,
