3059 4867
705 412 809 465 rius.
1250 402 1300 471 ‘21

196 552 253 621 ut
261 552 365 621 uotis
378 550 550 623 Ausonius
565 574 641 622 oum
650 552 788 623 estune
811 556 1068 637 ceuoiliabitur,
1080 579 1157 640 eum
1176 541 1302 633 mum

205 658 262 737 sit,
283 654 359 721 ideo
372 654 513 723 Gallum
524 658 654 739 vocari,
677 660 768 744 quod
782 660 937 726 nimirum
952 660 1054 728 ltelis
1065 662 1301 747 transpadana,

197 756 451 841 'dulia-togate
463 758 638 825 dioeretur.
682 760 727 827 Et
741 763 896 845 quamvis
919 763 984 827 siut
1000 762 1161 841 nonnulli,
1185 764 1301 847 quide

199 864 312 949 patria
330 864 406 949 ejus
428 866 508 930 urbe
524 882 562 929 se
578 865 757 949 quicquum
772 866 894 931 babere
909 865 1073 951 comperti
1090 870 1228 947 negem:
1250 868 1301 933 ui·

201 963 380 1030 bilominus
395 971 518 1045 temen,
541 973 663 1050 praeter
681 969 866 1053 scriptores
889 987 910 1033 u
928 968 1026 1033 nobis
1043 966 1118 1051 jum
1135 966 1300 1047 laudatos,

90 1118 96 1125 .
199 1066 297 1131 multi
312 1066 369 1133 ulii
386 1074 465 1133 suut
490 1069 681 1151 gravissimi
693 1068 759 1135 viri
780 1071 838 1156 qui
851 1069 887 1134 id
900 1068 1101 1145 confirment,
1124 1057 1312 1152 ipsumque

202 1164 425 1233 Veronensum
448 1169 556 1237 civem
587 1188 663 1235 esse
687 1168 812 1247 dicant,
844 1175 959 1255 utpote
983 1170 1042 1253 qni
1060 1173 1156 1234 ortus
1182 1170 1227 1232 sit
1254 1186 1301 1234 ex

202 1267 279 1333 riou
294 1266 539 1335 veronensium
555 1270 716 1349 Hostilia,
740 1271 785 1337 ed
799 1271 889 1337 Padi
910 1272 1002 1357 ripen
1019 1271 1097 1336 sito.
1142 1270 1201 1335 Sic
1211 1270 1303 1337 vos·

200 1370 273 1436 sius
287 1369 322 1435 in
338 1370 483 1455 Nepotis
498 1372 585 1438 vite:
610 1370 705 1451 ‘Ae’
725 1374 844 1459 inquit,
867 1379 878 1408 ‘
892 1373 1123 1439 veronensem
1141 1373 1247 1439 fauisse
1267 1376 1301 1439 in

199 1470 345 1537 leandri
360 1470 491 1539 Alberti
512 1473 612 1539 Italis
626 1474 717 1558 lego:
739 1476 789 1539 uti
801 1480 837 1539 et
848 1476 882 1539 iu
897 1472 1161 1558 Cosmograpbie
1183 1475 1301 1559 optimi

201 1578 303 1657 utque
316 1575 516 1640 amicissimi
538 1574 704 1660 quondam
728 1576 803 1654 viri,
825 1575 925 1641 Pauli
940 1575 1089 1667 Merulae.
1134 1575 1242 1641 Immo
1256 1596 1302 1643 ex

201 1672 443 1741 Ueronensium
482 1675 734 1742 Historioorurn
775 1677 905 1762 syllabo
938 1676 1056 1763 (quem
1084 1678 1300 1745 doetissimus

199 1776 489 1863 amplissimosque
529 1775 724 1843 Alexander
759 1776 929 1853 Beoellus,
959 1776 1162 1845 Veronensis
1197 1775 1301 1846 Urbis

200 1876 430 1944 Gmreellurius
443 1878 534 1958 fecit,
557 1897 598 1944 ec
619 1879 862 1944 illustrissimus
882 1878 1004 1943 Comes
1019 1879 1213 1944 Fernsndus
1229 1880 1302 1946 No-

199 1978 327 2060 gerula,
348 1982 399 2044 vir
425 1984 464 2044 ut
488 1998 621 2062 genere,
644 1980 693 2045 ita
718 1979 889 2044 literarum
917 1979 1033 2044 studio
1057 1980 1299 2061 nobilissimus,

198 2094 279 2143 eum
303 2078 480 2145 Ieureutio
501 2077 671 2161 Pignorio,
695 2084 796 2163 etque
818 2080 849 2143 is
870 2098 1003 2145 mestun
1028 2082 1301 2165 communicavit)

199 2180 350 2263 intelligo
371 2186 485 2245 netum
504 2180 611 2245 fuisse
632 2180 803 2263 Nepotem
817 2180 852 2243 in
864 2180 1036 2260 Hostilia3
1058 2182 1119 2265 qui
1133 2180 1301 2249 Veronen-

197 2282 285 2347 sium
299 2282 393 2347 uiuus
406 2287 470 2358 est,
485 2280 621 2359 lecito,
638 2280 760 2360 Plinio,
782 2280 999 2359 Gessioduro,
1022 2286 1057 2345 et
1073 2281 1242 2349 Antonino
1266 2286 1302 2350 iu

200 2380 376 2447 Itinererio
388 2386 604 2459 memoratus,
618 2379 785 2467 hodieque
796 2381 1047 2448 Ecclesiasticus
1056 2381 1301 2455 veronensium

197 2483 429 2558 Jurisdiotioni
453 2480 631 2548 subditus!
682 2482 741 2546 Sic
767 2482 872 2547 etism
901 2480 1092 2565 Onupbrius
1121 2484 1297 2552 Panvinus

199 2584 362 2669 Cutulngu
396 2585 577 2651 illustrium
614 2582 815 2666 scriptorum
842 2582 1095 2661 veronensium,
1142 2582 1220 2653 Lib.
1252 2602 1301 2654 vr.

198 2684 365 2772 Antiqmt.
389 2684 720 2759 ‘Constantissimoss
741 2686 860 2769 iuquit,
883 2683 1066 2751 ‘Civitatis
1085 2692 1212 2753 nostre
1234 2693 1300 2753 tes·
1374 2726 1388 2740 ·

199 2790 339 2855 timonio
360 2784 743 2871 CorneliumNepotem
767 2787 876 2853 virum
899 2785 1141 2865 doctissimum,
1166 2792 1201 2854 et
1218 2790 1303 2855 enti-

192 2890 361 2974 pnitutum
382 2890 530 2955 omnium
549 2890 800 2972 ,peritissimum
823 2888 1053 2954 veronensem
1073 2889 1182 2968 tuisse
1197 2890 1300 2957 trudi-

198 2999 271 3059 tur:
292 2994 348 3059 eui
370 2994 405 3057 iu
423 3010 553 3057 summu
565 2989 673 3055 Curia
693 3009 770 3056 oum
785 2990 922 3075 reliquis
936 2988 1190 3055 Veronensibus
1204 2990 1299 3058 illus·

196 3094 313 3173 tribus,
327 3095 427 3160 etiem
441 3098 557 3157 statim
569 3091 681 3175 posite
694 3095 745 3156 em
758 3104 804 3156 ex
818 3091 955 3176 publiea
966 3090 1189 3157 auctoritate?

244 3196 302 3263 Ex
315 3197 438 3281 qrdbus
454 3194 609 3259 omuibus
619 3192 694 3279 jem
718 3192 849 3278 liquido
862 3198 958 3278 patet
970 3213 1015 3259 ex
1023 3212 1171 3279 quanam
1186 3193 1302 3261 Putria

201 3296 377 3365 Cornelius
392 3304 505 3364 noster
526 3302 620 3363 ortus
645 3294 699 3359 sit.
742 3293 859 3373 Nune,
883 3294 979 3380 crrjus
1001 3294 1100 3361 suerit
1122 3295 1232 3361 etatis
1253 3294 1302 3360 in·

202 3401 364 3467 dicemus.

247 3500 351 3567 Hune
378 3500 465 3567 Julii
493 3499 641 3567 neseis
667 3502 702 3564 st
728 3497 877 3583 Augusti
903 3498 1110 3582 temporibus
1150 3497 1304 3563 floruisse

201 3602 354 3690 pluribus
368 3603 570 3687 argumentis
593 3602 807 3668 mendesium
820 3606 894 3666 est:
916 3619 1055 3687 quornm
1065 3599 1208 3684 primunr
1221 3598 1304 3664 illud

189 3710 291 3785 ,estu
313 3704 404 3790 qnod
429 3724 551 3789 nempe
577 3703 731 3771 Catullus
755 3700 866 3770 Poiitu
888 3702 933 3768 ed
949 3721 1028 3766 eum
1043 3720 1132 3785 opus
1145 3720 1255 3779 suum,
1268 3706 1305 3766 ut

200 3822 307 3891 snpra
316 3806 533 3886 ostendimus,
547 3806 724 3889 direxerit3
747 3824 846 3891 quem
864 3802 968 3870 Marii
979 3812 1016 3869 et
1027 3802 1132 3888 Syllae
1147 3800 1306 3885 tempori·

202 3909 270 3975 bns
286 3914 400 3973 uatum
412 3925 489 3971 esse
501 3912 629 3973 oertrrm
651 3910 715 3985 est,
735 3914 771 3973 et
794 3904 840 3977 ud
862 3904 1035 3971 Gessrem
1048 3921 1156 3987 usque
1167 3902 1240 3985 jam
1252 3922 1306 3969 re·

201 4024 276 4077 rum
291 4008 437 4095 potitum
451 4009 655 4091 pervenisse.
699 4006 844 4085 Deinde,
865 4006 954 4071 buno
977 4002 1150 4069 Ciceronis
1162 4002 1305 4070 familia·

201 4124 272 4179 rrtu
297 4114 442 4176 testetur
469 4108 602 4176 Gellius
626 4108 689 4176 lib.
720 4126 788 4176 xit.
817 4108 872 4174 28.
921 4104 1132 4171 ‘eumenus
1161 4102 1306 4192 Nepue,'

203 4210 325 4297 bnt,
349 4214 407 4279 ‘et
417 4227 527 4281 rerum
538 4211 708 4299 mernudm
723 4206 789 4279 uon
802 4208 993 4295 indiligens,
1006 4200 1041 4275 et
1055 4206 1107 4280 lt.
1122 4204 1305 4288 emenus,
