3059 4867
241 356 290 425 ἃ
553 365 789 421 rusrruonra
811 366 859 417 ar
880 362 1034 417 soulers

243 536 321 583 curu
331 514 478 593 libellos,
495 532 564 598 quo
578 511 775 579 omentum
787 486 1025 593 imperatorum
1034 504 1114 571 vae
1125 499 1343 570 muudissimo

244 636 286 683 ac
301 618 489 685 castissimo
505 614 665 682 orationis
678 631 796 697 genere
808 610 1031 695 explicantuu
1066 617 1074 629 ’

471 872 480 894 ,
580 755 1043 909 mrnom'omems„

330 1046 335 1055 .
436 976 508 1025 urs.
533 975 584 1024 ιν.
609 932 976 1047 ursouuuarraosurr,
999 968 1080 1016 car.
1101 948 1156 1015 15.
1274 1005 1277 1013 .

287 1110 436 1177 Joanuos
449 1108 599 1173 Michael
614 1107 752 1184 Brutus,
766 1105 888 1171 nobilis
910 1110 1033 1168 nostrae
1058 1101 1169 1167 aetefis
1194 1102 1348 1169 Histori-

246 1232 322 1290 cus,
346 1211 515 1277 mensibus
530 1208 768 1293 superioribus,
799 1226 873 1272 oum
884 1204 976 1289 apud
989 1203 1012 1269 J
1014 1204 1173 1270 ordauum
1186 1204 1345 1284 Ziletum,

246 1314 485 1398 Bibliopolam,
499 1330 665 1387 essemus,
678 1330 730 1375 me
750 1309 1036 1392 percunctabatur,
1052 1325 1096 1369 au
1121 1306 1236 1378 adbuc,
1246 1307 1352 1385 lissi-j,

244 1416 308 1495 leae
324 1434 423 1479 cusus
435 1418 523 1477 esset
544 1412 697 1475 ‘AEmilii
713 1408 819 1473 Probi
845 1408 930 1472 liber
951 1408 993 1472 de
1015 1408 1086 1472 vita
1108 1408 1356 1479 excellentium,

186 1541 188 1547 s
247 1494 507 1598 imperatorum:
530 1530 630 1596 quem
653 1530 715 1594 ego
740 1530 785 1574 ex
808 1514 1011 1574 vetustorum
1022 1510 1263 1593 exemplarium
1276 1510 1349 1575 col·

244 1602 369 1679 latione
383 1632 405 1678 s
417 1610 549 1675 mendis
571 1630 639 1675 uon
659 1612 780 1694 paucis
802 1611 987 1695 repurgari,
1011 1612 1349 1696 annotationibusque

246 1715 395 1794 auxi„ac
409 1732 472 1796 pro
489 1713 615 1778 viribus
630 1712 807 1779 illustravi.
853 1711 983 1778 Aderat
997 1711 1165 1779 Amoldus
1179 1711 1348 1793 Arleuius,

247 1815 418 1899 Probique
433 1815 552 1879 audita
565 1815 741 1893 mentione,
766 1836 803 1881 se
823 1816 898 1906 ¹ejus
920 1815 997 1879 libri
1021 1815 1150 1880 cabmo
1174 1819 1349 1879 exaratum

248 1916 434 1999 exemplar,
461 1917 551 1998 quod
579 1914 738 1982 Ferrariae
768 1917 914 1992 emisset,
941 1909 1064 1980 babeie
1091 1915 1187 1981 dixit.
1232 1914 1349 1999 Hujus

245 2017 379 2105 legendi
394 2040 469 2085 cum
484 2018 684 2085 incredibilis
699 2038 753 2084 me
767 2018 892 2101 cupido
907 2020 1098 2094 incesseret,
1126 2018 1284 2099 precibus
1304 2018 1349 2081 sb

246 2140 289 2187 so
305 2121 469 2199 contendi,
484 2126 522 2185 ut
536 2120 610 2185 libri
636 2119 754 2184 saltem
779 2119 822 2183 ad
845 2118 947 2184 tridui
970 2124 1115 2203 tempus,
1130 2138 1199 2203 quo
1214 2136 1350 2201 percur-

245 2220 338 2287 rendi
353 2220 495 2285 facultas
509 2227 609 2299 esset,
623 2219 704 2284 mibi
720 2220 857 2302 copiam
878 2219 1011 2284 laceret.
1068 2218 1171 2283 Hunc
1194 2238 1272 2283 cnm
1293 2218 1350 2283 illo

247 2320 291 2385 ud
317 2340 369 2385 me
394 2321 551 2397 misisset,
577 2318 675 2382 avide
700 2319 809 2399 legere
832 2320 937 2403 eoepi.
981 2318 1115 2385 Titulus
1141 2328 1211 2384 erat
1235 2319 1349 2403 bujus-

246 2421 357 2488 modi:
391 2436 535 2485 suren
562 2436 672 2485 rsour
698 2438 747 2484 us
772 2436 1082 2486 rursusronruus
1106 2426 1356 2485 uxsunsnuu'

248 2540 421 2589 canorus
447 2538 572 2587 ursus.
618 2520 712 2587 Finis
738 2522 827 2600 libri,
851 2522 881 2587 si
905 2523 1109 2607 epigramma
1131 2520 1236 2588 Probi
1260 2522 1350 2609 ejus-

248 2623 337 2704 dem,
359 2624 447 2709 quod
473 2645 535 2690 uos
560 2644 604 2689 ex
632 2624 779 2688 vetustis
805 2625 1051 2707 exemplaribus
1075 2624 1111 2689 iu
1137 2624 1281 2707 epistola
1304 2622 1351 2689 ad

249 2724 450 2811 Gregorium
467 2726 683 2809 Angelerium
695 2730 730 2789 et
745 2725 892 2790 Paulum
907 2726 1039 2809 ligium
1052 2726 1238 2811 posuimus,
1258 2726 1351 2791 exci-

248 2830 336 2912 pies,
351 2830 462 2911 qualis
477 2828 511 2891 iu
527 2828 769 2909 vulgarioribus
784 2827 968 2893 codicibus.
1013 2827 1043 2891 E
1063 2830 1183 2894 scribae
1199 2848 1277 2893 vero
1291 2846 1351 2910 pe·

247 2948 327 2995 noro
341 2930 495 3015 subjecta
510 2930 636 2994 verba:
668 2932 678 2962 ⁴
696 2927 908 3011 completum
922 2935 977 2996 est
989 2949 1077 3013 opus
1090 2930 1228 3015 AEmylii
1244 2928 1350 2994 Probi

251 3030 395 3096 Cornelii
412 3029 443 3094 N
447 3028 577 3113 epotis.¹
633 3028 721 3095 Post
744 3037 969 3113 praenotatum
982 3032 1113 3097 titulum
1127 3034 1201 3097 baec
1216 3052 1254 3096 se
1268 3030 1350 3095 mibi

250 3133 362 3199 statim
371 3133 478 3218 ¹verba
492 3133 699 3197 obtulerunt:
736 3136 748 3167 ‘
764 3133 844 3197 Nou
859 3135 975 3199 dubito
990 3134 1061 3198 iore
1076 3134 1264 3217 plerosque,
1291 3134 1350 3216 qui

251 3232 375 3297 Atticae
389 3232 455 3297 boc
474 3250 578 3315 genus
593 3234 767 3316 scripturae
783 3233 880 3312 leve,'
900 3239 981 3316 διας
1011 3255 1086 3319 quae
1112 3235 1214 3299 lectio
1229 3236 1352 3319 proba·

250 3333 349 3398 bilior
362 3352 414 3410 ea,
427 3354 502 3416 quse
516 3333 551 3395 in
565 3334 720 3397 omuibus
734 3336 870 3418 reliquis
886 3337 1070 3413 codicibus,
1085 3356 1173 3419 quos
1187 3356 1249 3418 ego
1262 3337 1351 3419 lege-

252 3436 325 3512 rim,
341 3433 446 3497 videri
461 3440 583 3517 potest,
599 3454 676 3497 cum
698 3434 746 3498 illi
773 3436 823 3499 sic
839 3435 1002 3501 habeant:
1025 3443 1036 3470 ‘
1052 3438 1134 3502 Nou
1150 3438 1264 3503 dubito
1279 3438 1350 3503 sore

251 3534 1351 3622 plerosque,Attice,quibocgenusscripturaeleve,'&c.Quando-

251 3637 387 3722 quidem
401 3638 595 3721 neutiquam
619 3637 749 3703 lrivolis
776 3642 979 3721 argumentis
1004 3642 1075 3724 jam
1099 3642 1165 3705 fuit
1190 3644 1224 3706 iu
1250 3644 1352 3707 citata

251 3738 399 3823 epistola
424 3758 446 3801 a
466 3739 564 3801 nobis
587 3739 860 3819 demonstratum,
883 3742 1058 3806 AEmilium
1077 3742 1222 3807 Probum
1250 3743 1351 3808 Pom·

251 3841 347 3923 ponii
361 3838 466 3905 Attici
481 3848 688 3905 coaetaneum
704 3862 767 3906 non
782 3842 906 3911 luisse:
938 3845 1020 3927 quin
1046 3864 1133 3927 opus
1154 3844 1218 3909 boc
1241 3844 1353 3910 'Pboo-

251 3940 350 4005 dosio
364 3940 562 4025 Imperatori
583 3962 659 4006 esse
679 3942 846 4025 dicstum;
878 3946 1041 4030 cnjusrei
1055 3948 1259 4029 epigramma
1270 3944 1352 4010 illud

253 4040 296 4105 ad
312 4041 534 4109 Theodosium
550 4046 700 4129 prebeat
719 4046 965 4111 testimouium·
1006 4044 1040 4109 A
1062 4048 1215 4134 principe
1237 4053 1353 4113 autem

253 4139 400 4209 Graeclae
430 4146 568 4211 cirimte
602 4164 698 4227 suam
725 4146 941 4231 scriptionem
974 4148 1125 4231 appellat
1152 4146 1351 4229 ‘Atticam’
