3059 4867
229 366 273 437 18
595 379 777 434 couuuurr
800 376 959 434 surorrs

247 549 251 583 τ
268 523 408 603 Quibus
421 524 573 591 omuibus
598 524 754 590 lambini
773 526 970 591 testimoniis
990 526 1063 592 heo
1083 512 1222 614 iusuper
1241 526 1337 615 adjis·

229 627 294 705 cio,
314 644 357 691 ex
382 625 455 691 vitu
480 625 584 691 Attici
600 626 793 711 depromte3
819 628 943 712 quibus
970 627 1184 695 menifestum
1198 636 1262 708 est,
1291 635 1327 693 et

228 727 379 794 Atticum
392 734 539 811 tempore
548 728 635 793 belli
649 729 758 793 civilis
783 727 938 811 Pompeii
959 735 994 795 et
1006 727 1165 808 Goeseris,
1179 730 1281 795 immo
1293 733 1327 795 et

228 832 332 897 multo
349 838 429 914 post
454 830 602 910 vixisse3
625 837 658 894 et
687 830 790 896 Gom.
813 828 1088 914 Nepotem-tuuc
1112 832 1265 896 llorms'e
1291 834 1337 896 et‘

228 927 416 1015 scripsisse.
460 930 517 995 Sic
540 938 650 995 eutem
664 931 822 1014 primum·
836 916 971 1014 le'pitur‘:
995 936 1005 986 ἕ
1018 918 1144 997 Incidit
1159 916 1337 997 crescium

227 1029 306 1097 uum
321 1033 420 1097 civile
433 1034 554 1097 bellum
569 1052 646 1098 cum
669 1033 806 1099 haberet
828 1051 934 1098 anuos
960 1032 1093 1098 circiter
1120 1032 1334 1116 sexaginte-3⁴

228 1134 283 1211 (de
299 1134 487 1219 Pomponio
503 1133 618 1199 Attico
632 1135 790 1218 loquitur,
809 1143 850 1199 ut
869 1134 1005 1199 cuilibet
1022 1135 1139 1215 legenti
1161 1136 1287 1218 patebit
1298 1132 1325 1219 r)

227 1230 1052 1319 ‘ususest-aete'tisvecatiouo,nequesequoquam
1064 1236 1220 1300 movitex
1231 1238 1324 1301 urbe.

227 1334 316 1415 Quoe
333 1339 450 1402 amicis
466 1339 537 1402 suis
563 1338 803 1421 opus'futront,
827 1336 871 1401 ud
894 1336 1326 1421 Pompeium-proficiscen·

226 1438 328 1517 tibus,
354 1439 466 1503 omnia
488 1459 531 1503 ex
551 1436 616 1503 ⁴sue
640 1458 675 1502 re
701 1437 857 1503 familiari
882 1438 996 1517 dedic*
1016 1444 1078 1504 doc.
1115 1438 1257 1503 ·Deiude
1275 1440 1326 1503 ite

226 1538 385 1603 babetur:
408 1540 491 1603 ‘Sic
505 1542 615 1603 vetere
634 1539 787 1603 instituto
811 1540 889 1603 vitee
911 1538 1029 1621 effugit-
1046 1558 1135 1603 nore
1159 1541 1324 1624 periculo.

228 1638 389 1704 Secutum
418 1646 470 1704 est
506 1639 591 1705 illud
621 1639 736 1703 occiso
770 1639 918 1717 Caesare,
953 1660 1030 1705 cum
1070 1627 1175 1726 Resp.
1218 1628 1336 1726 peues.

228 1740 353 1805 Brutos
375 1741 543 1806 videretur
565 1760 640 1805 osse
661 1746 695 1805 et
720 1740 889 1819 Cassium,
911 1761 953 1806 ec
975 1749 1047 1808 totu
1071 1743 1202 1809 Civitas
1215 1744 1325 1810 se‘ed

225 1838 301 1907 e'um
316 1842 519 1906 convertisse
533 1840 709 1907 videretur.
741 1842 800 1907 Sic
817 1842 867 1905 Μ.
881 1843 988 1908 Bruto
1003 1864 1088 1909 usus
1101 1852 1165 1923 est,
1180 1847 1337 1912 utuullo'

226 1942 489 2008 illeudolesoens
510 1932 868 2026 oequuliafamiliarius,
882 1961 982 2027 quem
1004 1945 1070 2010 hoc
1096 1946 1205 2012 sedet!
1224 1933 1333 2013 ‘Attiss

226 2059 303 2109 uum
317 2042 505 2127 'iutellige-
528 2042 617 2109 Heec
643 2044 784 2109 clariora
806 2050 893 2124 suut,
909 2065 1009 2129 quem
1032 2053 1068 2111 ut
1090 2049 1160 2112 alia
1183 2049 1260 2114 luce
1273 2047 1336 2114 ini

227 2144 371 2228 digeuut.
416 2146 502 2211 Sunt
515 2151 554 2211 et.
561 2146 728 2231 ejusmodi
749 2147 933 2226 innumere,
948 2149 1071 2233 quibus
1093 2139 1325 2234 supersedebi-

227 2264 312 2312 mus.
357 2246 457 2311 Nunc
472 2246 515 2311 od
535 2235 582 2311 eu
597 2249 918 2337 veniamus-,ouibus
933 2250 1031 2315 Gom.
1055 2251 1224 2335 Nepotem
1247 2258 1325 2319 tune

226 2347 357 2413 vixisse
373 2353 406 2412 et
419 2350 597 2432 scripsisse
612 2350 805 2431 probemus.
819 2385 823 2394 ·
839 2351 873 2415 1.
888 2357 959 2415 est:
976 2352 1098 2435 ‘Scope
1111 2352 1212 2432 euim,
1222 2374 1324 2439 prop-

225 2453 277 2515 ter
289 2448 561 2528 familiaritatem,
588 2449 907 2515 domesticis'rebus
931 2452 1160 2518 interfuimus?
1208 2455 1257 2521 De
1273 2460 1325 2522 se-

226 2550 370 2634 metipso
383 2550 530 2634 loquitur
552 2550 680 2635 Nepos,
703 2572 806 2636 seque
820 2551 929 2618 Attici
950 2555 1048 2619 rebus
1068 2555 1261 2621 domesticis
1276 2559 1326 2623 iu-
1425 2590 1429 2595 -

225 2651 380 2719 torfuisse
393 2652 565 2737 proediout.
611 2651 701 2731 Quid
724 2654 872 2719 cloriusl
914 2653 947 2720 2.
970 2658 982 2689 ‘
1002 2655 1052 2719 lle
1073 2657 1197 2739 pietate
1212 2663 1324 2724 eutem
1354 2693 1357 2696 ·

226 2748 332 2821 Attici
358 2754 441 2839 quid
469 2755 568 2837 plura
595 2756 869 2821 commemoreml
886 2790 889 2795 ·
907 2776 984 2821 oum
1011 2757 1075 2821 hoc
1104 2759 1215 2842 ipsum
1243 2761 1324 2825 rere

226 2856 416 2939 gloriantem
440 2854 614 2933 audierim,
638 2856 673 2920 iu
695 2857 811 2921 funere
833 2859 947 2923 metris
973 2878 1057 2936 suoe,
1080 2872 1181 2943 qutun
1206 2863 1327 2927 extulit

228 2974 387 3021 minorum
409 2958 602 3040 nonaginta,
639 2978 714 3023 oum
753 2964 842 3024 esset
861 2966 986 3045 septem
1011 2966 1045 3025 et
1073 2964 1258 3045 sexaginta,
1287 2982 1325 3029 se

225 3070 397 3141 nunquam
413 3076 487 3122 cum
502 3066 607 3124 melre
631 3062 664 3124 in
685 3063 825 3143 gratiam
837 3061 996 3140 rediisse‚’
1010 3066 1070 3127 &c
1111 3064 1145 3128 8.
1168 3064 1335 3129 ‘flecte‘

227 3174 299 3236 uus,
314 3156 435 3222 Attico
449 3160 541 3239 rivo,·
557 3160 649 3225 editu
665 3180 687 3225 a
709 3162 807 3227 nobis
826 3168 915 3229 sunt
960 3163 1074 3242 Nunc,
1089 3166 1243 3248 quoniam
1258 3166 1323 3230 ior·

228 3266 309 3325 tone
323 3278 387 3323 nos
404 3262 601 3344 superstites
625 3264 656 3326 ei
680 3282 755 3328 esse
778 3265 895 3342 voluit,
920 3268 1046 3351 relique
1070 3267 1323 3350 persequemur?
1410 3276 1413 3284 '

228 3356 266 3423 Si
291 3380 369 3442 ergo
396 3359 519 3445 Nepos
545 3362 693 3428 Atticum
717 3365 911 3447 loquentem
933 3366 1081 3445 audivit3
1116 3351 1208 3430 si'eo
1230 3368 1330 3446 rivo,-

226 3461 299 3527 lroec
325 3460 447 3543 edidit3
480 3465 511 3527 si
531 3472 699 3547 superstes
723 3465 755 3529 ei
781 3464 862 3546 ioit3
894 3472 981 3530 certe
1001 3486 1077 3530 euru
1101 3474 1180 3529 tuuc
1194 3468 1324 3532 vixisse
1412 3493 1415 3499 ·

227 3582 364 3631 necesse
378 3572 443 3629 est.
476 3565 561 3629 Sunt
574 3572 608 3629 et
621 3566 717 3650 plura
731 3568 819 3631 ulie:
842 3568 900 3631 sed
912 3567 986 3631 baec
1000 3568 1155 3631 retulisse
1169 3546 1322 3635 sufissit.
1448 3586 1451 3589 ’

238 3693 244 3711 =
270 3664 382 3730 Exeo
405 3674 521 3730 autem
542 3686 632 3732 error
656 3668 714 3731 ille
736 3671 897 3751 provenit,
912 3672 935 3715 1‘
951 3667 1066 3745 Quod'
1086 3667 1187 3751 (testo
1201 3670 1322 3736 eodem

232 3765 367 3846 Vossio,
385 3766 526 3851 ibidem)
552 3766 724 3833 ‘Librorio
749 3770 783 3832 id
807 3769 905 3833 fuerit
929 3787 1059 3844 nomen,
1075 3767 1135 3852 qui
1157 3753 1245 3833 vites
1265 3776 1331 3837 ees'

228 3870 437 3953 pedibusue,
453 3869 573 3953 partim
595 3871 768 3954 petris,‹et
790 3872 904 3934 matris
927 3888 1025 3933 manu
1046 3870 1334 3953 scriptas-Theos

231 3970 329 4033 dosio
352 3970 496 4035 obtulit!
541 3970 647 4055 quue
673 3990 785 4035 verum
814 3989 891 4034 esse
919 3971 1092 4035 coufirmat
1105 3972 1163 4038 Jo.
1179 3973 1322 4054 Severo,

229 4072 419 4155 enjus-bec
441 4078 667 4139 suut-verbo:
690 4072 1020 4137 ‘AEmiliumuutem
1041 4072 1202 4153 Probum,
1224 4076 1322 4161 eujus

229 4172 359 4236 nomine
374 4162 670 4241 circumferentem
685 4174 796 4253 Liber,
810 4174 1002 4241 Theodosio
1017 4181 1173 4259 regnante
1184 4176 1322 4257 vixisse,
