3059 4867
492 390 764 447 nnomrrnmc
784 393 947 451 sumu.
1225 384 1273 455 Ι

344 532 528 601 ummo·
540 540 666 620 gremio
681 538 734 607 cul
747 540 953 609 lomim

343 634 878 728 Inveni(tspmaeutoremgo)z

343 736 379 801 N
379 756 419 801 ec
434 737 572 805 doctum
585 742 707 821 minus,
723 749 757 809 et
771 746 876 829 magis
889 746 1069 829 benignum

343 834 458 915 Quem
473 860 572 925 quem
587 840 702 909 Gellia
715 846 860 930 prrebuit
874 844 1018 915 Catullo.

245 1017 353 1083 lustr,
379 1019 560 1105 ⁸¹³¹⁸T⁰¹¹i
586 1023 665 1072 XVl.
688 1026 740 1073 uu
764 1026 918 1078 PROBUM
944 1030 1058 1081 PRAEF·
1081 1033 1199 1085 Pnssn.

180 1175 186 1191 ·
212 1139 387 1229 Apologos
402 1144 537 1226 Titiani,
552 1156 587 1214 et
601 1149 748 1234 Nepotis
764 1152 933 1232 chronice,
956 1158 1053 1239 qnasi
1075 1156 1162 1224 ulios
1189 1178 1269 1245 spo·

168 1243 262 1327 logos
286 1241 378 1332 (nam
401 1252 435 1311 et
458 1250 535 1333 ipss
548 1251 653 1317 instar
667 1260 746 1320 sunt
759 1254 971 1341 tubulorum),
996 1257 1038 1323 orl
1063 1258 1277 1328 nobilitetem'

169 1351 262 1412 tuum
286 1348 377 1427 misi,
407 1352 557 1435 guurlens
584 1362 685 1439 etque
710 1358 812 1423 etiam
840 1360 999 1442 glorians,
1027 1362 1101 1428 fore
1130 1365 1269 1450 aliquid,

168 1446 261 1531 qunti
275 1450 320 1515 ud
333 1450 576 1519 institutionem
590 1462 719 1524 tucrum
740 1460 928 1527 sedulitatis
947 1484 1032 1530 mere
1060 1465 1174 1531 studio
1193 1485 1270 1533 con·

167 1547 300 1617 feretur.

253 1735 455 1807 rnorem
477 1714 836 1811 sucsurrosum
858 1743 1186 1816 scsmosurr.

485 1911 706 1963 cuneusrus
731 1914 954 1979 rnuvrurus,

204 2038 370 2127 Cntnlogc
383 2045 563 2111 illustrium
578 2048 690 2130 script.
705 2046 964 2125 veronensium,
978 2048 1001 2111 1.
1016 2061 1066 2109 vr.
1081 2046 1236 2132 antiquit.

211 2190 493 2261 Constantissimo
518 2199 663 2263 civitatis
687 2204 810 2267 nostroe
840 2197 1028 2264 testimonio
1057 2196 1096 2264 C.
1120 2197 1269 2264 Gonnu-

168 2308 267 2359 utun
292 2292 492 2376 Nnnorsu,
511 2292 621 2364 'virum
643 2300 887 2378 doctissimum,
902 2304 938 2363 et
948 2298 1183 2384 antiquitatum
1197 2319 1269 2365 om·

165 2397 258 2461 nium
282 2398 531 2481 peritissimum,
560 2399 790 2467 veronensem
826 2401 941 2478 luisse,
970 2400 1120 2482 traditur,
1145 2402 1199 2466 cui
1232 2392 1277 2479 in]
1392 2488 1399 2497 Ι

166 2518 299 2565 summa
320 2502 416 2567 curia
439 2523 516 2568 cum
541 2504 678 2589 reliquis
692 2504 943 2577 Veronensibus
967 2501 1151 2569 illustribus
1165 2503 1269 2596 etium

167 2596 284 2667 statue
310 2606 425 2687 positu
449 2610 500 2669 est
528 2606 732 2690 erepublica
754 2605 960 2669 auctoritate.
1018 2602 1107 2668 Eum
1121 2604 1269 2684 Plinius,

165 2700 263 2770 Hist.
278 2704 362 2770 Nat.
379 2722 433 2771 111.
448 2706 501 2773 1s.
521 2706 609 2773 Padi
624 2707 778 2773 accolam
798 2708 911 2783 vocat,
933 2711 968 2770 et
990 2706 1070 2769 elrbi
1086 2704 1213 2789 saepius
1227 2706 1270 2771 de

166 2826 209 2871 eo
224 2804 424 2873 mentionem
437 2809 530 2875 facit.
583 2807 685 2875 Ortus
701 2806 863 2892 siquidem
879 2807 915 2870 in
929 2807 1007 2871 vico
1022 2803 1270 2873 Veronensiuur

165 2906 333 2986 Hostilia,
350 2909 394 2974 ad
409 2906 499 2973 Padi
513 2906 607 2993 rip'ss
622 2910 703 2988 sito,
717 2916 756 2975 ut
773 2908 913 2973 Tacitus
927 2914 1045 2972 auctor
1059 2913 1122 2984 est,
1144 2908 1165 2970 l.
1183 2923 1268 2972 x1x.

165 3008 316 3074 historice
338 3008 512 3093 Augustae.
559 3011 643 3075 l’ius
668 3030 803 3095 quoque
829 3007 928 3093 Pupe
952 3007 1001 3074 ll.
1027 3008 1062 3073 iu
1087 3006 1183 3074 Asiae
1211 3011 1268 3074 de·

164 3111 355 3195 scriptione,
367 3132 443 3178 eum
452 3110 681 3177 veronensem
693 3118 806 3195 aperte
820 3109 926 3175 fuisse
941 3108 1066 3175 scribit.
1110 3108 1167 3173 Ad
1180 3109 1268 3174 hunc

167 3210 323 3278 Catullus
340 3234 427 3299 opus
441 3231 538 3278 snum
553 3213 655 3290 misit,
678 3222 839 3295 tunquam
862 3212 971 3277 civem
997 3230 1116 3276 suum:
1149 3209 1268 3299 ‘Quoi

167 3314 259 3380 dono
284 3317 433 3401 lepidum
455 3336 578 3383 novum
593 3316 744 3379 libellum
753 3312 780 3378 l’
811 3314 932 3381 Hicin
947 3314 1027 3378 nrbe
1042 3310 1215 3376 Ciceronis
1235 3315 1269 3376 et

166 3415 316 3485 cussis
331 3427 478 3505 tempore
491 3418 592 3497 vixit,
613 3418 829 3501 pervenitque
843 3415 1007 3502 usquead
1020 3412 1166 3497 Augusti
1178 3412 1268 3497 prin

166 3518 328 3603 cipetum.
372 3520 515 3605 Scripsit
529 3520 749 3585 disertissime
773 3516 987 3583 ‘illustrium
999 3516 1147 3583 virorum
1157 3510 1268 3581 vitns'

166 3618 318 3699 Quarum
347 3629 475 3689 tentum
501 3621 683 3706 Pomponii
712 3620 818 3685 Attici
846 3626 1056 3705 extatque
1086 3623 1267 3683 ceterarum

164 3722 267 3791 fecsse
279 3726 449 3809 specimen
462 3732 577 3811 potest
587 3723 745 3810 judicari.

488 3906 540 3973 Μ’.
565 3904 675 3971 ΑΝΤ.
698 3899 945 3983 MURE'PUS,

439 4074 511 4125 mu
534 4074 602 4123 vu.
623 4071 712 4122 ven.
736 4071 843 4121 inor.
865 4070 947 4119 oss.
969 4067 996 4117 ι.

211 4191 411 4280 Pereleguns
433 4198 529 4261 extet
541 4192 671 4259 AEmilli
687 4191 791 4259 Probi
815 4189 870 4257 etl·
884 4188 926 4257 T.
942 4186 1163 4274 Pomponium
1177 4182 1270 4252 Atb'·
