<?xml version="1.0" encoding="UTF-8"?>
<!DOCTYPE html PUBLIC "-//W3C//DTD XHTML 1.0 Transitional//EN"
    "http://www.w3.org/TR/xhtml1/DTD/xhtml1-transitional.dtd">
<html xmlns="http://www.w3.org/1999/xhtml" xml:lang="en" lang="en">
 <head>
  <title>
</title>
<meta http-equiv="Content-Type" content="text/html;charset=utf-8" />
  <meta name='ocr-system' content='tesseract 3.04.00' />
  <meta name='ocr-capabilities' content='ocr_page ocr_carea ocr_par ocr_line ocrx_word'/>
</head>
<body>
  <div class='ocr_page' id='page_1' title='image "./vitaeexcellenti02nepogoog_0052.png"; bbox 0 0 3059 4867; ppageno 0'>
   <div class='ocr_carea' id='block_1_1' title="bbox 252 394 1038 461">
    <p class='ocr_par' dir='ltr' id='par_1_1' title="bbox 252 394 1038 461">
     <span class='ocr_line' id='line_1_1' title="bbox 252 394 1038 461; baseline -0.001 0"><span class='ocrx_word' id='word_1_1' title='bbox 252 394 295 461; x_wconf 81' lang='grc'><strong>38</strong></span> <span class='ocrx_word' id='word_1_2' title='bbox 557 402 790 459; x_wconf 73' lang='grc' dir='ltr'><strong>τιειιιιοιιιι</strong></span> <span class='ocrx_word' id='word_1_3' title='bbox 816 408 862 458; x_wconf 84' lang='lat' dir='ltr'><strong>nr</strong></span> <span class='ocrx_word' id='word_1_4' title='bbox 884 402 1038 460; x_wconf 79' lang='lat' dir='ltr'><strong>ruotcm</strong></span> 
     </span>
    </p>
   </div>
   <div class='ocr_carea' id='block_1_2' title="bbox 229 552 1393 3185">
    <p class='ocr_par' dir='ltr' id='par_1_2' title="bbox 229 552 1393 3185">
     <span class='ocr_line' id='line_1_2' title="bbox 254 552 1350 639; baseline 0.003 -20"><span class='ocrx_word' id='word_1_5' title='bbox 254 556 382 639; x_wconf 85' lang='lat' dir='ltr'><strong>aliquot</strong></span> <span class='ocrx_word' id='word_1_6' title='bbox 390 552 533 639; x_wconf 88' lang='lat' dir='ltr'><strong>reperio,</strong></span> <span class='ocrx_word' id='word_1_7' title='bbox 545 555 602 619; x_wconf 91' lang='lat' dir='ltr'><strong>lib.</strong></span> <span class='ocrx_word' id='word_1_8' title='bbox 613 570 669 619; x_wconf 84' lang='lat'>111.</span> <span class='ocrx_word' id='word_1_9' title='bbox 687 554 871 621; x_wconf 85' lang='lat' dir='ltr'><strong>Fastorum.</strong></span> <span class='ocrx_word' id='word_1_10' title='bbox 900 554 942 620; x_wconf 92' lang='lat' dir='ltr'><strong>In</strong></span> <span class='ocrx_word' id='word_1_11' title='bbox 956 555 1009 620; x_wconf 81' lang='lat' dir='ltr'><strong>his</strong></span> <span class='ocrx_word' id='word_1_12' title='bbox 1020 554 1092 619; x_wconf 73' lang='lat' dir='ltr'><strong>sex.</strong></span> <span class='ocrx_word' id='word_1_13' title='bbox 1104 553 1262 637; x_wconf 79' lang='lat' dir='ltr'><strong>Ariciam,</strong></span> <span class='ocrx_word' id='word_1_14' title='bbox 1274 556 1350 632; x_wconf 74' lang='lat' dir='ltr'><strong>Ser.</strong></span> 
     </span>
     <span class='ocr_line' id='line_1_3' title="bbox 242 653 1351 743; baseline 0.006 -24"><span class='ocrx_word' id='word_1_15' title='bbox 242 654 310 740; x_wconf 74' lang='lat' dir='ltr'><strong>fil,</strong></span> <span class='ocrx_word' id='word_1_16' title='bbox 325 653 508 719; x_wconf 83' lang='lat' dir='ltr'><strong>Petroniam</strong></span> <span class='ocrx_word' id='word_1_17' title='bbox 522 654 660 720; x_wconf 82' lang='lat' dir='ltr'><strong><em>Probum</em></strong></span> <span class='ocrx_word' id='word_1_18' title='bbox 676 656 719 721; x_wconf 94' lang='lat' dir='ltr'><strong>V.</strong></span> <span class='ocrx_word' id='word_1_19' title='bbox 733 656 771 721; x_wconf 80' lang='grc' dir='ltr'><strong>Ο.</strong></span> <span class='ocrx_word' id='word_1_20' title='bbox 783 659 950 722; x_wconf 90' lang='lat' dir='ltr'><strong>consulem</strong></span> <span class='ocrx_word' id='word_1_21' title='bbox 966 677 1054 721; x_wconf 89' lang='lat' dir='ltr'><strong>anno</strong></span> <span class='ocrx_word' id='word_1_22' title='bbox 1065 676 1087 721; x_wconf 87' lang='lat' dir='ltr'><strong>a</strong></span> <span class='ocrx_word' id='word_1_23' title='bbox 1101 665 1198 743; x_wconf 88' lang='lat' dir='ltr'><strong>partu</strong></span> <span class='ocrx_word' id='word_1_24' title='bbox 1212 661 1351 743; x_wconf 78' lang='lat' dir='ltr'><strong>uirginis</strong></span> 
     </span>
     <span class='ocr_line' id='line_1_4' title="bbox 254 758 1349 841; baseline 0.005 -17"><span class='ocrx_word' id='word_1_25' title='bbox 254 774 460 824; x_wconf 81' lang='grc' dir='ltr'><strong>οοοιιιιιιν.</strong></span> <span class='ocrx_word' id='word_1_26' title='bbox 475 758 717 841; x_wconf 81' lang='lat' dir='ltr'><strong>imperantibus</strong></span> <span class='ocrx_word' id='word_1_27' title='bbox 741 758 792 823; x_wconf 89' lang='lat' dir='ltr'><strong>Fl.</strong></span> <span class='ocrx_word' id='word_1_28' title='bbox 809 759 964 836; x_wconf 81' lang='lat' dir='ltr'><strong>Valente,</strong></span> <span class='ocrx_word' id='word_1_29' title='bbox 979 767 1013 823; x_wconf 91' lang='lat' dir='ltr'><strong>et</strong></span> <span class='ocrx_word' id='word_1_30' title='bbox 1033 760 1085 824; x_wconf 80' lang='lat' dir='ltr'><strong>Fr.</strong></span> <span class='ocrx_word' id='word_1_31' title='bbox 1103 760 1349 841; x_wconf 84' lang='lat' dir='ltr'><strong>Valentiniano,</strong></span> 
     </span>
     <span class='ocr_line' id='line_1_5' title="bbox 257 860 1350 943; baseline 0.005 -19"><span class='ocrx_word' id='word_1_32' title='bbox 257 860 360 924; x_wconf 84' lang='lat' dir='ltr'><strong>altero</strong></span> <span class='ocrx_word' id='word_1_33' title='bbox 377 861 409 923; x_wconf 90' lang='lat' dir='ltr'><strong>in</strong></span> <span class='ocrx_word' id='word_1_34' title='bbox 429 860 563 939; x_wconf 88' lang='lat' dir='ltr'><strong>oriente,</strong></span> <span class='ocrx_word' id='word_1_35' title='bbox 577 861 682 925; x_wconf 87' lang='lat' dir='ltr'><strong>altero</strong></span> <span class='ocrx_word' id='word_1_36' title='bbox 702 863 735 925; x_wconf 91' lang='lat' dir='ltr'><strong>in</strong></span> <span class='ocrx_word' id='word_1_37' title='bbox 752 861 941 943; x_wconf 88' lang='lat' dir='ltr'><strong>occidente;</strong></span> <span class='ocrx_word' id='word_1_38' title='bbox 962 868 997 925; x_wconf 89' lang='lat' dir='ltr'><strong>et</strong></span> <span class='ocrx_word' id='word_1_39' title='bbox 1016 882 1103 926; x_wconf 88' lang='lat' dir='ltr'><strong>auno</strong></span> <span class='ocrx_word' id='word_1_40' title='bbox 1119 880 1350 929; x_wconf 78' lang='lat' dir='ltr'><strong>cocexxxn.</strong></span> 
     </span>
     <span class='ocr_line' id='line_1_6' title="bbox 253 961 1393 1049; baseline 0.003 -22"><span class='ocrx_word' id='word_1_41' title='bbox 253 984 341 1041; x_wconf 92' lang='lat' dir='ltr'><strong>eum,</strong></span> <span class='ocrx_word' id='word_1_42' title='bbox 359 983 457 1047; x_wconf 89' lang='lat' dir='ltr'><strong>quem</strong></span> <span class='ocrx_word' id='word_1_43' title='bbox 481 982 581 1047; x_wconf 90' lang='lat' dir='ltr'><strong>supra</strong></span> <span class='ocrx_word' id='word_1_44' title='bbox 609 964 878 1040; x_wconf 87' lang='lat' dir='ltr'><strong>commemoravi,</strong></span> <span class='ocrx_word' id='word_1_45' title='bbox 908 961 979 1026; x_wconf 82' lang='lat' dir='ltr'><strong>Ser.</strong></span> <span class='ocrx_word' id='word_1_46' title='bbox 1004 962 1163 1042; x_wconf 81' lang='lat' dir='ltr'><strong>Anicium,</strong></span> <span class='ocrx_word' id='word_1_47' title='bbox 1191 963 1261 1029; x_wconf 79' lang='lat' dir='ltr'><strong>Ser.</strong></span> <span class='ocrx_word' id='word_1_48' title='bbox 1279 963 1351 1049; x_wconf 74' lang='lat' dir='ltr'><strong>fid,</strong></span> <span class='ocrx_word' id='word_1_49' title='bbox 1389 1035 1393 1041; x_wconf 62' lang='grc'><strong>,</strong></span> 
     </span>
     <span class='ocr_line' id='line_1_7' title="bbox 254 1064 1353 1151; baseline 0.003 -22"><span class='ocrx_word' id='word_1_50' title='bbox 254 1064 406 1143; x_wconf 79' lang='lat' dir='ltr'><strong><em>Probum,</em></strong></span> <span class='ocrx_word' id='word_1_51' title='bbox 421 1065 619 1149; x_wconf 79' lang='lat' dir='ltr'><strong>prmlectum</strong></span> <span class='ocrx_word' id='word_1_52' title='bbox 642 1067 812 1151; x_wconf 77' lang='lat' dir='ltr'><strong>praetorio,</strong></span> <span class='ocrx_word' id='word_1_53' title='bbox 828 1066 871 1130; x_wconf 92' lang='lat' dir='ltr'><strong>ad</strong></span> <span class='ocrx_word' id='word_1_54' title='bbox 893 1084 992 1149; x_wconf 91' lang='lat' dir='ltr'><strong>quem</strong></span> <span class='ocrx_word' id='word_1_55' title='bbox 1015 1072 1109 1131; x_wconf 82' lang='lat' dir='ltr'><strong>extat</strong></span> <span class='ocrx_word' id='word_1_56' title='bbox 1130 1067 1189 1131; x_wconf 89' lang='lat' dir='ltr'><strong>illa</strong></span> <span class='ocrx_word' id='word_1_57' title='bbox 1208 1067 1353 1133; x_wconf 83' lang='lat' dir='ltr'><strong>Ausonii</strong></span> 
     </span>
     <span class='ocr_line' id='line_1_8' title="bbox 252 1164 1352 1253; baseline 0 -20"><span class='ocrx_word' id='word_1_58' title='bbox 252 1168 418 1252; x_wconf 87' lang='lat' dir='ltr'><strong>epistola;</strong></span> <span class='ocrx_word' id='word_1_59' title='bbox 441 1172 577 1232; x_wconf 81' lang='lat' dir='ltr'><strong>stanno</strong></span> <span class='ocrx_word' id='word_1_60' title='bbox 595 1184 742 1232; x_wconf 78' lang='lat' dir='ltr'><strong>ccccix.</strong></span> <span class='ocrx_word' id='word_1_61' title='bbox 761 1167 831 1232; x_wconf 82' lang='lat' dir='ltr'><strong>Sec.</strong></span> <span class='ocrx_word' id='word_1_62' title='bbox 848 1164 1079 1245; x_wconf 67' lang='lat' dir='ltr'><strong>Ariciamder.</strong></span> <span class='ocrx_word' id='word_1_63' title='bbox 1086 1167 1155 1251; x_wconf 75' lang='lat' dir='ltr'><strong>fil,</strong></span> <span class='ocrx_word' id='word_1_64' title='bbox 1173 1168 1244 1233; x_wconf 86' lang='lat' dir='ltr'><strong>Ser.</strong></span> <span class='ocrx_word' id='word_1_65' title='bbox 1258 1190 1352 1253; x_wconf 80' lang='lat' dir='ltr'><strong>nepo-</strong></span> 
     </span>
     <span class='ocr_line' id='line_1_9' title="bbox 253 1266 1351 1355; baseline 0.005 -23"><span class='ocrx_word' id='word_1_66' title='bbox 253 1280 325 1349; x_wconf 84' lang='lat' dir='ltr'><strong>tem,</strong></span> <span class='ocrx_word' id='word_1_67' title='bbox 337 1268 522 1333; x_wconf 82' lang='lat' dir='ltr'><strong>Petronium</strong></span> <span class='ocrx_word' id='word_1_68' title='bbox 537 1266 690 1347; x_wconf 82' lang='lat' dir='ltr'><strong><em>Probum,</em></strong></span> <span class='ocrx_word' id='word_1_69' title='bbox 701 1271 882 1349; x_wconf 89' lang='lat' dir='ltr'><strong>consulem,</strong></span> <span class='ocrx_word' id='word_1_70' title='bbox 893 1272 1147 1355; x_wconf 80' lang='lat' dir='ltr'><strong>imperatoribus</strong></span> <span class='ocrx_word' id='word_1_71' title='bbox 1157 1272 1351 1337; x_wconf 83' lang='lat' dir='ltr'><strong>Theodosio</strong></span> 
     </span>
     <span class='ocr_line' id='line_1_10' title="bbox 247 1370 1353 1459; baseline 0.002 -24"><span class='ocrx_word' id='word_1_72' title='bbox 247 1374 390 1459; x_wconf 90' lang='lat' dir='ltr'><strong>juniore,</strong></span> <span class='ocrx_word' id='word_1_73' title='bbox 406 1371 543 1436; x_wconf 85' lang='lat' dir='ltr'><strong>Arcadii</strong></span> <span class='ocrx_word' id='word_1_74' title='bbox 557 1370 638 1448; x_wconf 89' lang='lat' dir='ltr'><strong>filio,</strong></span> <span class='ocrx_word' id='word_1_75' title='bbox 654 1379 687 1436; x_wconf 90' lang='lat' dir='ltr'><strong>et</strong></span> <span class='ocrx_word' id='word_1_76' title='bbox 707 1370 757 1434; x_wconf 84' lang='lat' dir='ltr'><strong>Fl.</strong></span> <span class='ocrx_word' id='word_1_77' title='bbox 774 1371 926 1436; x_wconf 86' lang='lat' dir='ltr'><strong>Honorio</strong></span> <span class='ocrx_word' id='word_1_78' title='bbox 940 1372 1013 1436; x_wconf 90' lang='lat' dir='ltr'><strong>Pio.</strong></span> <span class='ocrx_word' id='word_1_79' title='bbox 1058 1372 1184 1456; x_wconf 81' lang='lat' dir='ltr'><strong>Repeti</strong></span> <span class='ocrx_word' id='word_1_80' title='bbox 1199 1378 1234 1437; x_wconf 90' lang='lat' dir='ltr'><strong>et</strong></span> <span class='ocrx_word' id='word_1_81' title='bbox 1246 1371 1353 1438; x_wconf 86' lang='lat' dir='ltr'><strong>alium</strong></span> 
     </span>
     <span class='ocr_line' id='line_1_11' title="bbox 253 1468 1352 1559; baseline 0.005 -23"><span class='ocrx_word' id='word_1_82' title='bbox 253 1473 414 1558; x_wconf 85' lang='lat' dir='ltr'><strong>quendam</strong></span> <span class='ocrx_word' id='word_1_83' title='bbox 430 1469 577 1535; x_wconf 78' lang='lat' dir='ltr'><strong>Marium</strong></span> <span class='ocrx_word' id='word_1_84' title='bbox 598 1468 749 1550; x_wconf 81' lang='lat' dir='ltr'><strong>Probum,</strong></span> <span class='ocrx_word' id='word_1_85' title='bbox 766 1473 944 1557; x_wconf 83' lang='lat' dir='ltr'><strong>praesidem</strong></span> <span class='ocrx_word' id='word_1_86' title='bbox 958 1475 1143 1558; x_wconf 79' lang='lat' dir='ltr'><strong>provinciae</strong></span> <span class='ocrx_word' id='word_1_87' title='bbox 1161 1474 1352 1559; x_wconf 72' lang='lat' dir='ltr'><strong>Hispaniae,</strong></span> 
     </span>
     <span class='ocr_line' id='line_1_12' title="bbox 254 1574 1352 1661; baseline 0.001 -22"><span class='ocrx_word' id='word_1_88' title='bbox 254 1594 351 1661; x_wconf 90' lang='lat' dir='ltr'><strong>quem</strong></span> <span class='ocrx_word' id='word_1_89' title='bbox 366 1578 601 1641; x_wconf 80' lang='lat' dir='ltr'><strong>commemorat</strong></span> <span class='ocrx_word' id='word_1_90' title='bbox 614 1574 792 1659; x_wconf 84' lang='lat' dir='ltr'><strong>Ulpianus,</strong></span> <span class='ocrx_word' id='word_1_91' title='bbox 807 1575 864 1639; x_wconf 93' lang='lat' dir='ltr'><strong>lib.</strong></span> <span class='ocrx_word' id='word_1_92' title='bbox 876 1592 1012 1640; x_wconf 82' lang='lat' dir='ltr'><strong>xnvrn.</strong></span> <span class='ocrx_word' id='word_1_93' title='bbox 1022 1575 1235 1661; x_wconf 83' lang='lat' dir='ltr'><strong>digestorum,</strong></span> <span class='ocrx_word' id='word_1_94' title='bbox 1251 1576 1352 1643; x_wconf 82' lang='lat' dir='ltr'><strong>titolo</strong></span> 
     </span>
     <span class='ocr_line' id='line_1_13' title="bbox 254 1677 1354 1772; baseline -0.003 -28"><span class='ocrx_word' id='word_1_95' title='bbox 254 1680 296 1744; x_wconf 89' lang='lat' dir='ltr'><strong>de</strong></span> <span class='ocrx_word' id='word_1_96' title='bbox 312 1677 495 1742; x_wconf 78' lang='lat' dir='ltr'><strong>interdictis</strong></span> <span class='ocrx_word' id='word_1_97' title='bbox 505 1680 536 1741; x_wconf 88' lang='lat' dir='ltr'><strong>et</strong></span> <span class='ocrx_word' id='word_1_98' title='bbox 549 1678 714 1761; x_wconf 86' lang='lat' dir='ltr'><strong>relegatis,</strong></span> <span class='ocrx_word' id='word_1_99' title='bbox 724 1678 778 1741; x_wconf 87' lang='lat' dir='ltr'><strong>bis</strong></span> <span class='ocrx_word' id='word_1_100' title='bbox 793 1679 926 1743; x_wconf 89' lang='lat' dir='ltr'><strong>verbis:</strong></span> <span class='ocrx_word' id='word_1_101' title='bbox 950 1679 1041 1743; x_wconf 91' lang='lat' dir='ltr'><strong>‘Sed</strong></span> <span class='ocrx_word' id='word_1_102' title='bbox 1053 1680 1354 1772; x_wconf 77' lang='lat' dir='ltr'><strong>imperator-noster</strong></span> 
     </span>
     <span class='ocr_line' id='line_1_14' title="bbox 255 1780 1354 1864; baseline -0.001 -18"><span class='ocrx_word' id='word_1_103' title='bbox 255 1800 333 1846; x_wconf 90' lang='lat' dir='ltr'><strong>cum</strong></span> <span class='ocrx_word' id='word_1_104' title='bbox 356 1780 436 1844; x_wconf 90' lang='lat' dir='ltr'><strong>divo</strong></span> <span class='ocrx_word' id='word_1_105' title='bbox 461 1784 554 1863; x_wconf 86' lang='lat' dir='ltr'><strong>patre</strong></span> <span class='ocrx_word' id='word_1_106' title='bbox 581 1801 644 1846; x_wconf 88' lang='lat' dir='ltr'><strong>suo</strong></span> <span class='ocrx_word' id='word_1_107' title='bbox 667 1780 747 1846; x_wconf 89' lang='lat' dir='ltr'><strong>hnic</strong></span> <span class='ocrx_word' id='word_1_108' title='bbox 773 1782 822 1846; x_wconf 89' lang='lat' dir='ltr'><strong>rei</strong></span> <span class='ocrx_word' id='word_1_109' title='bbox 844 1781 1066 1864; x_wconf 86' lang='lat' dir='ltr'><strong>providerunt.</strong></span> <span class='ocrx_word' id='word_1_110' title='bbox 1111 1780 1236 1846; x_wconf 80' lang='lat' dir='ltr'><strong>Maecio</strong></span> <span class='ocrx_word' id='word_1_111' title='bbox 1263 1783 1354 1845; x_wconf 88' lang='lat' dir='ltr'><strong>enim</strong></span> 
     </span>
     <span class='ocr_line' id='line_1_15' title="bbox 229 1878 1357 2000; baseline 0 -52"><span class='ocrx_word' id='word_1_112' title='bbox 229 1878 379 1961; x_wconf 68' lang='lat' dir='ltr'><strong>‘Probo,</strong></span> <span class='ocrx_word' id='word_1_113' title='bbox 404 1883 540 2000; x_wconf 82' lang='lat' dir='ltr'><strong>praesidi</strong></span> <span class='ocrx_word' id='word_1_114' title='bbox 562 1883 746 1966; x_wconf 88' lang='lat' dir='ltr'><strong>provinciae</strong></span> <span class='ocrx_word' id='word_1_115' title='bbox 770 1882 964 1966; x_wconf 80' lang='lat' dir='ltr'><strong>Hispanico,</strong></span> <span class='ocrx_word' id='word_1_116' title='bbox 985 1884 1237 1966; x_wconf 86' lang='lat' dir='ltr'><strong>rescripserunt,</strong></span> <span class='ocrx_word' id='word_1_117' title='bbox 1252 1882 1357 1972; x_wconf 82' lang='lat' dir='ltr'><strong>etiam</strong></span> 
     </span>
     <span class='ocr_line' id='line_1_16' title="bbox 255 1982 1355 2076; baseline -0.001 -26"><span class='ocrx_word' id='word_1_118' title='bbox 255 2006 295 2051; x_wconf 89' lang='lat' dir='ltr'><strong>ea</strong></span> <span class='ocrx_word' id='word_1_119' title='bbox 319 1984 495 2068; x_wconf 85' lang='lat' dir='ltr'><strong>provincia</strong></span> <span class='ocrx_word' id='word_1_120' title='bbox 518 1984 683 2063; x_wconf 87' lang='lat' dir='ltr'><strong>interdici,</strong></span> <span class='ocrx_word' id='word_1_121' title='bbox 701 1983 787 2049; x_wconf 90' lang='lat' dir='ltr'><strong>uude</strong></span> <span class='ocrx_word' id='word_1_122' title='bbox 810 1985 886 2069; x_wconf 85' lang='lat' dir='ltr'><strong>quis</strong></span> <span class='ocrx_word' id='word_1_123' title='bbox 908 1982 1069 2049; x_wconf 85' lang='lat' dir='ltr'><strong>oriundus</strong></span> <span class='ocrx_word' id='word_1_124' title='bbox 1092 1984 1147 2061; x_wconf 91' lang='lat' dir='ltr'><strong>sit,</strong></span> <span class='ocrx_word' id='word_1_125' title='bbox 1161 1984 1206 2047; x_wconf 90' lang='lat' dir='ltr'><strong>ab</strong></span> <span class='ocrx_word' id='word_1_126' title='bbox 1226 2002 1279 2059; x_wconf 89' lang='lat' dir='ltr'><strong>eo,</strong></span> <span class='ocrx_word' id='word_1_127' title='bbox 1295 1982 1355 2076; x_wconf 85' lang='lat' dir='ltr'><strong>qui</strong></span> 
     </span>
     <span class='ocr_line' id='line_1_17' title="bbox 254 2074 1354 2174; baseline -0.004 -23"><span class='ocrx_word' id='word_1_128' title='bbox 254 2088 337 2171; x_wconf 83' lang='lat' dir='ltr'><strong>regit</strong></span> <span class='ocrx_word' id='word_1_129' title='bbox 369 2108 443 2151; x_wconf 87' lang='lat' dir='ltr'><strong>eam</strong></span> <span class='ocrx_word' id='word_1_130' title='bbox 468 2086 686 2172; x_wconf 84' lang='lat' dir='ltr'><strong>provinciam,</strong></span> <span class='ocrx_word' id='word_1_131' title='bbox 711 2084 772 2149; x_wconf 88' lang='lat' dir='ltr'><strong>nbi</strong></span> <span class='ocrx_word' id='word_1_132' title='bbox 795 2085 870 2170; x_wconf 88' lang='lat' dir='ltr'><strong>quis</strong></span> <span class='ocrx_word' id='word_1_133' title='bbox 896 2074 1102 2149; x_wconf 84' lang='lat' dir='ltr'><strong>domicilium</strong></span> <span class='ocrx_word' id='word_1_134' title='bbox 1126 2082 1271 2160; x_wconf 88' lang='lat' dir='ltr'><strong>babeat,&#39;</strong></span> <span class='ocrx_word' id='word_1_135' title='bbox 1292 2085 1354 2174; x_wconf 73' lang='lat' dir='ltr'><strong>tto.</strong></span> 
     </span>
     <span class='ocr_line' id='line_1_18' title="bbox 255 2162 1357 2267; baseline -0.003 -15"><span class='ocrx_word' id='word_1_136' title='bbox 255 2188 476 2253; x_wconf 71' lang='lat' dir='ltr'><strong>Praetermitto</strong></span> <span class='ocrx_word' id='word_1_137' title='bbox 503 2185 689 2267; x_wconf 83' lang='lat' dir='ltr'><strong>Probionos,</strong></span> <span class='ocrx_word' id='word_1_138' title='bbox 710 2194 744 2252; x_wconf 87' lang='lat' dir='ltr'><strong>et</strong></span> <span class='ocrx_word' id='word_1_139' title='bbox 772 2185 939 2264; x_wconf 81' lang='lat' dir='ltr'><strong>Probiros,</strong></span> <span class='ocrx_word' id='word_1_140' title='bbox 962 2188 1005 2251; x_wconf 91' lang='lat' dir='ltr'><strong>ab</strong></span> <span class='ocrx_word' id='word_1_141' title='bbox 1026 2187 1078 2250; x_wconf 85' lang='lat' dir='ltr'><strong>bis</strong></span> <span class='ocrx_word' id='word_1_142' title='bbox 1103 2183 1224 2252; x_wconf 89' lang='lat' dir='ltr'><strong>Probis</strong></span> <span class='ocrx_word' id='word_1_143' title='bbox 1240 2162 1357 2251; x_wconf 78' lang='lat' dir='ltr'><strong>leviter</strong></span> 
     </span>
     <span class='ocr_line' id='line_1_19' title="bbox 257 2272 1358 2371; baseline -0.002 -18"><span class='ocrx_word' id='word_1_144' title='bbox 257 2288 408 2355; x_wconf 80' lang='lat' dir='ltr'><strong>deflexos</strong></span> <span class='ocrx_word' id='word_1_145' title='bbox 437 2308 477 2353; x_wconf 89' lang='lat' dir='ltr'><strong>ac</strong></span> <span class='ocrx_word' id='word_1_146' title='bbox 501 2288 675 2353; x_wconf 85' lang='lat' dir='ltr'><strong>derivatos.</strong></span> <span class='ocrx_word' id='word_1_147' title='bbox 729 2272 860 2354; x_wconf 82' lang='lat' dir='ltr'><strong>Horum</strong></span> <span class='ocrx_word' id='word_1_148' title='bbox 885 2290 984 2370; x_wconf 83' lang='lat' dir='ltr'><strong>igitur</strong></span> <span class='ocrx_word' id='word_1_149' title='bbox 1006 2286 1184 2351; x_wconf 84' lang='lat' dir='ltr'><strong>Probornm</strong></span> <span class='ocrx_word' id='word_1_150' title='bbox 1206 2287 1358 2371; x_wconf 82' lang='lat' dir='ltr'><strong>omnium</strong></span> 
     </span>
     <span class='ocr_line' id='line_1_20' title="bbox 256 2388 1356 2481; baseline -0.004 -25"><span class='ocrx_word' id='word_1_151' title='bbox 256 2392 379 2456; x_wconf 83' lang='lat' dir='ltr'><strong>nullum</strong></span> <span class='ocrx_word' id='word_1_152' title='bbox 392 2389 491 2473; x_wconf 89' lang='lat' dir='ltr'><strong>hujus</strong></span> <span class='ocrx_word' id='word_1_153' title='bbox 506 2389 581 2454; x_wconf 88' lang='lat' dir='ltr'><strong>libri</strong></span> <span class='ocrx_word' id='word_1_154' title='bbox 592 2397 764 2454; x_wconf 79' lang='lat' dir='ltr'><strong>auctorem</strong></span> <span class='ocrx_word' id='word_1_155' title='bbox 779 2409 855 2454; x_wconf 87' lang='lat' dir='ltr'><strong>esse</strong></span> <span class='ocrx_word' id='word_1_156' title='bbox 869 2408 1065 2473; x_wconf 88' lang='lat' dir='ltr'><strong>persuasum</strong></span> <span class='ocrx_word' id='word_1_157' title='bbox 1075 2390 1193 2453; x_wconf 91' lang='lat' dir='ltr'><strong>babeo.</strong></span> <span class='ocrx_word' id='word_1_158' title='bbox 1225 2388 1262 2453; x_wconf 83' lang='lat' dir='ltr'><strong>si</strong></span> <span class='ocrx_word' id='word_1_159' title='bbox 1276 2388 1356 2481; x_wconf 81' lang='lat' dir='ltr'><strong>quis</strong></span> 
     </span>
     <span class='ocr_line' id='line_1_21' title="bbox 257 2482 1356 2577; baseline -0.002 -20"><span class='ocrx_word' id='word_1_160' title='bbox 257 2482 345 2558; x_wconf 71' lang='lat' dir='ltr'><strong>elius</strong></span> <span class='ocrx_word' id='word_1_161' title='bbox 360 2493 506 2571; x_wconf 79' lang='lat' dir='ltr'><strong>Probus,</strong></span> <span class='ocrx_word' id='word_1_162' title='bbox 518 2491 608 2577; x_wconf 35' lang='lat' dir='ltr'><strong>,milri</strong></span> <span class='ocrx_word' id='word_1_163' title='bbox 628 2493 773 2575; x_wconf 81' lang='lat' dir='ltr'><strong>ignotus,</strong></span> <span class='ocrx_word' id='word_1_164' title='bbox 789 2497 907 2557; x_wconf 83' lang='lat' dir='ltr'><strong>auctor</strong></span> <span class='ocrx_word' id='word_1_165' title='bbox 927 2490 1032 2555; x_wconf 86' lang='lat' dir='ltr'><strong>fuisse</strong></span> <span class='ocrx_word' id='word_1_166' title='bbox 1054 2490 1203 2569; x_wconf 85' lang='lat' dir='ltr'><strong>dicatur;</strong></span> <span class='ocrx_word' id='word_1_167' title='bbox 1225 2508 1356 2569; x_wconf 86' lang='lat' dir='ltr'><strong>vereor,</strong></span> 
     </span>
     <span class='ocr_line' id='line_1_22' title="bbox 256 2587 1357 2681; baseline -0.001 -23"><span class='ocrx_word' id='word_1_168' title='bbox 256 2614 298 2658; x_wconf 92' lang='lat' dir='ltr'><strong>ne</strong></span> <span class='ocrx_word' id='word_1_169' title='bbox 317 2613 486 2678; x_wconf 83' lang='lat' dir='ltr'><strong>nunquam</strong></span> <span class='ocrx_word' id='word_1_170' title='bbox 506 2592 540 2657; x_wconf 90' lang='lat' dir='ltr'><strong>iu</strong></span> <span class='ocrx_word' id='word_1_171' title='bbox 562 2597 681 2657; x_wconf 84' lang='lat' dir='ltr'><strong>natura</strong></span> <span class='ocrx_word' id='word_1_172' title='bbox 701 2612 810 2657; x_wconf 87' lang='lat' dir='ltr'><strong>rerum</strong></span> <span class='ocrx_word' id='word_1_173' title='bbox 832 2592 940 2671; x_wconf 87' lang='lat' dir='ltr'><strong>fuerit,</strong></span> <span class='ocrx_word' id='word_1_174' title='bbox 960 2592 1019 2657; x_wconf 84' lang='lat' dir='ltr'><strong>sed</strong></span> <span class='ocrx_word' id='word_1_175' title='bbox 1041 2592 1132 2656; x_wconf 91' lang='lat' dir='ltr'><strong>inani</strong></span> <span class='ocrx_word' id='word_1_176' title='bbox 1154 2587 1357 2681; x_wconf 71' lang='lat' dir='ltr'><strong>cogitatione</strong></span> 
     </span>
     <span class='ocr_line' id='line_1_23' title="bbox 259 2692 1357 2777; baseline -0.003 -16"><span class='ocrx_word' id='word_1_177' title='bbox 259 2697 421 2761; x_wconf 79' lang='lat' dir='ltr'><strong>duntaxat</strong></span> <span class='ocrx_word' id='word_1_178' title='bbox 443 2693 600 2777; x_wconf 86' lang='lat' dir='ltr'><strong>depictus</strong></span> <span class='ocrx_word' id='word_1_179' title='bbox 627 2694 671 2758; x_wconf 87' lang='lat' dir='ltr'><strong>sit</strong></span> <span class='ocrx_word' id='word_1_180' title='bbox 691 2698 794 2777; x_wconf 85' lang='lat' dir='ltr'><strong>atque</strong></span> <span class='ocrx_word' id='word_1_181' title='bbox 818 2693 1026 2759; x_wconf 84' lang='lat' dir='ltr'><strong>informatus.</strong></span> <span class='ocrx_word' id='word_1_182' title='bbox 1070 2694 1150 2759; x_wconf 77' lang='lat' dir='ltr'><strong>lam</strong></span> <span class='ocrx_word' id='word_1_183' title='bbox 1173 2713 1252 2760; x_wconf 82' lang='lat' dir='ltr'><strong>uero</strong></span> <span class='ocrx_word' id='word_1_184' title='bbox 1275 2692 1357 2777; x_wconf 60' lang='lat' dir='ltr'><strong>Corf.</strong></span> 
     </span>
     <span class='ocr_line' id='line_1_24' title="bbox 257 2782 1355 2881; baseline -0.002 -19"><span class='ocrx_word' id='word_1_185' title='bbox 257 2800 363 2862; x_wconf 87' lang='lat' dir='ltr'><strong>nolius</strong></span> <span class='ocrx_word' id='word_1_186' title='bbox 374 2796 492 2879; x_wconf 86' lang='lat' dir='ltr'><strong>Nepos</strong></span> <span class='ocrx_word' id='word_1_187' title='bbox 506 2794 554 2857; x_wconf 91' lang='lat' dir='ltr'><strong>M.</strong></span> <span class='ocrx_word' id='word_1_188' title='bbox 563 2794 665 2859; x_wconf 88' lang='lat' dir='ltr'><strong>Tullii</strong></span> <span class='ocrx_word' id='word_1_189' title='bbox 678 2792 862 2873; x_wconf 88' lang='lat' dir='ltr'><strong>Ciceronis,</strong></span> <span class='ocrx_word' id='word_1_190' title='bbox 871 2800 906 2859; x_wconf 89' lang='lat' dir='ltr'><strong>et</strong></span> <span class='ocrx_word' id='word_1_191' title='bbox 914 2793 954 2858; x_wconf 85' lang='lat' dir='ltr'><strong>T.</strong></span> <span class='ocrx_word' id='word_1_192' title='bbox 967 2795 1149 2881; x_wconf 88' lang='lat' dir='ltr'><strong>Pomponii</strong></span> <span class='ocrx_word' id='word_1_193' title='bbox 1164 2786 1280 2874; x_wconf 79' lang='lat' dir='ltr'><strong>Attici,</strong></span> <span class='ocrx_word' id='word_1_194' title='bbox 1290 2782 1355 2860; x_wconf 73' lang='lat' dir='ltr'><strong>Cn.</strong></span> 
     </span>
     <span class='ocr_line' id='line_1_25' title="bbox 258 2893 1358 2983; baseline -0.001 -19"><span class='ocrx_word' id='word_1_195' title='bbox 258 2899 413 2983; x_wconf 90' lang='lat' dir='ltr'><strong>Pompeii</strong></span> <span class='ocrx_word' id='word_1_196' title='bbox 443 2896 571 2979; x_wconf 82' lang='lat' dir='ltr'><strong>Magni,</strong></span> <span class='ocrx_word' id='word_1_197' title='bbox 606 2900 638 2961; x_wconf 90' lang='lat' dir='ltr'><strong>et</strong></span> <span class='ocrx_word' id='word_1_198' title='bbox 666 2894 704 2961; x_wconf 84' lang='lat' dir='ltr'><strong>C.</strong></span> <span class='ocrx_word' id='word_1_199' title='bbox 728 2895 814 2960; x_wconf 82' lang='lat' dir='ltr'><strong>Julii</strong></span> <span class='ocrx_word' id='word_1_200' title='bbox 842 2893 989 2962; x_wconf 82' lang='lat' dir='ltr'><strong>Caesaris</strong></span> <span class='ocrx_word' id='word_1_201' title='bbox 1021 2897 1263 2983; x_wconf 89' lang='lat' dir='ltr'><strong>propemodum</strong></span> <span class='ocrx_word' id='word_1_202' title='bbox 1290 2896 1358 2963; x_wconf 84' lang='lat' dir='ltr'><strong>fuit</strong></span> 
     </span>
     <span class='ocr_line' id='line_1_26' title="bbox 258 2999 1358 3088; baseline 0 -21"><span class='ocrx_word' id='word_1_203' title='bbox 258 3000 411 3084; x_wconf 65' lang='lat' dir='ltr'><strong>aequalis,</strong></span> <span class='ocrx_word' id='word_1_204' title='bbox 422 3005 477 3065; x_wconf 86' lang='lat' dir='ltr'><strong>aut</strong></span> <span class='ocrx_word' id='word_1_205' title='bbox 485 3006 571 3065; x_wconf 88' lang='lat' dir='ltr'><strong>certe</strong></span> <span class='ocrx_word' id='word_1_206' title='bbox 583 2999 684 3082; x_wconf 87' lang='lat' dir='ltr'><strong>paulo</strong></span> <span class='ocrx_word' id='word_1_207' title='bbox 693 3004 773 3063; x_wconf 89' lang='lat' dir='ltr'><strong>natu</strong></span> <span class='ocrx_word' id='word_1_208' title='bbox 785 3018 909 3080; x_wconf 88' lang='lat' dir='ltr'><strong>mmor</strong></span> <span class='ocrx_word' id='word_1_209' title='bbox 931 3000 1143 3084; x_wconf 77' lang='lat' dir='ltr'><strong>pervenitque</strong></span> <span class='ocrx_word' id='word_1_210' title='bbox 1153 3000 1198 3066; x_wconf 91' lang='lat' dir='ltr'><strong>ad</strong></span> <span class='ocrx_word' id='word_1_211' title='bbox 1211 2999 1358 3088; x_wconf 64' lang='lat' dir='ltr'><strong>Caesaris</strong></span> 
     </span>
     <span class='ocr_line' id='line_1_27' title="bbox 259 3100 1358 3185; baseline 0.001 -19"><span class='ocrx_word' id='word_1_212' title='bbox 259 3101 414 3185; x_wconf 85' lang='lat' dir='ltr'><strong>Augusti,</strong></span> <span class='ocrx_word' id='word_1_213' title='bbox 430 3102 500 3166; x_wconf 88' lang='lat' dir='ltr'><strong>divi</strong></span> <span class='ocrx_word' id='word_1_214' title='bbox 513 3100 596 3165; x_wconf 85' lang='lat' dir='ltr'><strong>Julii</strong></span> <span class='ocrx_word' id='word_1_215' title='bbox 611 3100 682 3179; x_wconf 91' lang='lat' dir='ltr'><strong>filii,</strong></span> <span class='ocrx_word' id='word_1_216' title='bbox 697 3107 859 3185; x_wconf 86' lang='lat' dir='ltr'><strong>tempora,</strong></span> <span class='ocrx_word' id='word_1_217' title='bbox 867 3107 906 3165; x_wconf 89' lang='lat' dir='ltr'><strong>ut</strong></span> <span class='ocrx_word' id='word_1_218' title='bbox 921 3107 1061 3167; x_wconf 87' lang='lat' dir='ltr'><strong>testatur</strong></span> <span class='ocrx_word' id='word_1_219' title='bbox 1074 3102 1215 3180; x_wconf 84' lang='lat' dir='ltr'><strong>Plinius,</strong></span> <span class='ocrx_word' id='word_1_220' title='bbox 1230 3103 1287 3167; x_wconf 93' lang='lat' dir='ltr'><strong>lib.</strong></span> <span class='ocrx_word' id='word_1_221' title='bbox 1301 3117 1358 3169; x_wconf 81' lang='lat' dir='ltr'><strong>tx.</strong></span> 
     </span>
    </p>
   </div>
   <div class='ocr_carea' id='block_1_3' title="bbox 131 3170 1360 3290">
    <p class='ocr_par' dir='ltr' id='par_1_3' title="bbox 131 3170 1360 3290">
     <span class='ocr_line' id='line_1_28' title="bbox 131 3170 1360 3290; baseline 0.004 -21"><span class='ocrx_word' id='word_1_222' title='bbox 131 3208 140 3223; x_wconf 88' lang='lat'>&#39;</span> <span class='ocrx_word' id='word_1_223' title='bbox 260 3223 335 3287; x_wconf 83' lang='lat' dir='ltr'><strong>cap.</strong></span> <span class='ocrx_word' id='word_1_224' title='bbox 358 3204 423 3282; x_wconf 80' lang='lat'><strong>39,</strong></span> <span class='ocrx_word' id='word_1_225' title='bbox 437 3203 491 3267; x_wconf 91' lang='lat' dir='ltr'><strong>bis</strong></span> <span class='ocrx_word' id='word_1_226' title='bbox 515 3203 642 3267; x_wconf 87' lang='lat' dir='ltr'><strong>verbis.</strong></span> <span class='ocrx_word' id='word_1_227' title='bbox 671 3202 819 3287; x_wconf 87' lang='lat' dir='ltr'><strong>‘Nepos</strong></span> <span class='ocrx_word' id='word_1_228' title='bbox 837 3202 1024 3283; x_wconf 84' lang='lat' dir='ltr'><strong>Comelins,</strong></span> <span class='ocrx_word' id='word_1_229' title='bbox 1048 3204 1106 3290; x_wconf 89' lang='lat' dir='ltr'><strong>qni</strong></span> <span class='ocrx_word' id='word_1_230' title='bbox 1130 3204 1197 3269; x_wconf 87' lang='lat' dir='ltr'><strong>divi</strong></span> <span class='ocrx_word' id='word_1_231' title='bbox 1212 3170 1360 3287; x_wconf 69' lang='lat' dir='ltr'><strong>Augusti</strong></span> 
     </span>
    </p>
   </div>
   <div class='ocr_carea' id='block_1_4' title="bbox 259 3304 1365 4202">
    <p class='ocr_par' dir='ltr' id='par_1_4' title="bbox 259 3304 1365 4202">
     <span class='ocr_line' id='line_1_29' title="bbox 260 3304 1360 3389; baseline 0 -20"><span class='ocrx_word' id='word_1_232' title='bbox 260 3306 450 3389; x_wconf 86' lang='lat' dir='ltr'><strong>principatu</strong></span> <span class='ocrx_word' id='word_1_233' title='bbox 471 3304 575 3369; x_wconf 67' lang='lat' dir='ltr'><strong>obiit?</strong></span> <span class='ocrx_word' id='word_1_234' title='bbox 626 3304 679 3369; x_wconf 91' lang='lat' dir='ltr'><strong>Ne</strong></span> <span class='ocrx_word' id='word_1_235' title='bbox 701 3306 778 3388; x_wconf 84' lang='lat' dir='ltr'><strong>quis</strong></span> <span class='ocrx_word' id='word_1_236' title='bbox 801 3316 913 3372; x_wconf 89' lang='lat' dir='ltr'><strong>autem</strong></span> <span class='ocrx_word' id='word_1_237' title='bbox 936 3308 1048 3372; x_wconf 84' lang='lat' dir='ltr'><strong>statim</strong></span> <span class='ocrx_word' id='word_1_238' title='bbox 1070 3307 1168 3371; x_wconf 86' lang='lat' dir='ltr'><strong>uobis</strong></span> <span class='ocrx_word' id='word_1_239' title='bbox 1190 3312 1360 3385; x_wconf 80' lang='lat' dir='ltr'><strong>occurrat,</strong></span> 
     </span>
     <span class='ocr_line' id='line_1_30' title="bbox 261 3404 1359 3491; baseline 0.001 -22"><span class='ocrx_word' id='word_1_240' title='bbox 261 3411 360 3489; x_wconf 85' lang='lat' dir='ltr'><strong>atque</strong></span> <span class='ocrx_word' id='word_1_241' title='bbox 374 3406 421 3468; x_wconf 88' lang='lat' dir='ltr'><strong>ita</strong></span> <span class='ocrx_word' id='word_1_242' title='bbox 438 3405 539 3483; x_wconf 86' lang='lat' dir='ltr'><strong>dicat,</strong></span> <span class='ocrx_word' id='word_1_243' title='bbox 563 3404 631 3471; x_wconf 85' lang='lat' dir='ltr'><strong>Cur</strong></span> <span class='ocrx_word' id='word_1_244' title='bbox 649 3407 747 3491; x_wconf 82' lang='lat' dir='ltr'><strong>igitur</strong></span> <span class='ocrx_word' id='word_1_245' title='bbox 769 3428 938 3491; x_wconf 90' lang='lat' dir='ltr'><strong>nusquam</strong></span> <span class='ocrx_word' id='word_1_246' title='bbox 961 3428 1037 3474; x_wconf 90' lang='lat' dir='ltr'><strong>eum</strong></span> <span class='ocrx_word' id='word_1_247' title='bbox 1054 3412 1290 3473; x_wconf 83' lang='lat' dir='ltr'><strong>commemorat</strong></span> <span class='ocrx_word' id='word_1_248' title='bbox 1307 3405 1359 3471; x_wconf 90' lang='lat' dir='ltr'><strong>M.</strong></span> 
     </span>
     <span class='ocr_line' id='line_1_31' title="bbox 259 3506 1362 3594; baseline 0.003 -24"><span class='ocrx_word' id='word_1_249' title='bbox 259 3506 415 3571; x_wconf 86' lang='lat' dir='ltr'><strong>Tulliusl</strong></span> <span class='ocrx_word' id='word_1_250' title='bbox 451 3506 696 3572; x_wconf 87' lang='lat' dir='ltr'><strong>Commemorat</strong></span> <span class='ocrx_word' id='word_1_251' title='bbox 717 3528 795 3572; x_wconf 82' lang='lat' dir='ltr'><strong>vero</strong></span> <span class='ocrx_word' id='word_1_252' title='bbox 818 3510 852 3572; x_wconf 90' lang='lat' dir='ltr'><strong>in</strong></span> <span class='ocrx_word' id='word_1_253' title='bbox 872 3511 1030 3592; x_wconf 88' lang='lat' dir='ltr'><strong>epistolis</strong></span> <span class='ocrx_word' id='word_1_254' title='bbox 1047 3510 1090 3575; x_wconf 88' lang='lat' dir='ltr'><strong>ad</strong></span> <span class='ocrx_word' id='word_1_255' title='bbox 1112 3508 1264 3575; x_wconf 82' lang='lat' dir='ltr'><strong>Atticum</strong></span> <span class='ocrx_word' id='word_1_256' title='bbox 1277 3528 1362 3594; x_wconf 56' lang='lat' dir='ltr'><strong>qnog</strong></span> 
     </span>
     <span class='ocr_line' id='line_1_32' title="bbox 262 3607 1361 3703; baseline 0.005 -30"><span class='ocrx_word' id='word_1_257' title='bbox 262 3607 337 3673; x_wconf 83' lang='lat' dir='ltr'><strong>dam</strong></span> <span class='ocrx_word' id='word_1_258' title='bbox 357 3609 446 3687; x_wconf 89' lang='lat' dir='ltr'><strong>loco,</strong></span> <span class='ocrx_word' id='word_1_259' title='bbox 467 3617 512 3687; x_wconf 91' lang='lat' dir='ltr'><strong>et,</strong></span> <span class='ocrx_word' id='word_1_260' title='bbox 526 3609 615 3692; x_wconf 91' lang='lat' dir='ltr'><strong>quod</strong></span> <span class='ocrx_word' id='word_1_261' title='bbox 630 3610 726 3695; x_wconf 80' lang='lat' dir='ltr'><strong>longe</strong></span> <span class='ocrx_word' id='word_1_262' title='bbox 744 3610 882 3695; x_wconf 87' lang='lat' dir='ltr'><strong>majoris</strong></span> <span class='ocrx_word' id='word_1_263' title='bbox 900 3612 1057 3694; x_wconf 85' lang='lat' dir='ltr'><strong>ponderis</strong></span> <span class='ocrx_word' id='word_1_264' title='bbox 1078 3618 1138 3692; x_wconf 86' lang='lat' dir='ltr'><strong>est,</strong></span> <span class='ocrx_word' id='word_1_265' title='bbox 1152 3611 1255 3676; x_wconf 90' lang='lat' dir='ltr'><strong>libros</strong></span> <span class='ocrx_word' id='word_1_266' title='bbox 1272 3612 1361 3703; x_wconf 74' lang='lat' dir='ltr'><strong>duos</strong></span> 
     </span>
     <span class='ocr_line' id='line_1_33' title="bbox 262 3710 1361 3798; baseline 0.005 -24"><span class='ocrx_word' id='word_1_267' title='bbox 262 3710 489 3794; x_wconf 85' lang='lat' dir='ltr'><strong>epistolarum,</strong></span> <span class='ocrx_word' id='word_1_268' title='bbox 504 3718 537 3775; x_wconf 89' lang='lat' dir='ltr'><strong>et</strong></span> <span class='ocrx_word' id='word_1_269' title='bbox 558 3713 701 3776; x_wconf 86' lang='lat' dir='ltr'><strong>fortasse</strong></span> <span class='ocrx_word' id='word_1_270' title='bbox 717 3713 830 3797; x_wconf 89' lang='lat' dir='ltr'><strong>plures</strong></span> <span class='ocrx_word' id='word_1_271' title='bbox 850 3713 893 3777; x_wconf 85' lang='lat' dir='ltr'><strong>ad</strong></span> <span class='ocrx_word' id='word_1_272' title='bbox 915 3731 992 3778; x_wconf 89' lang='lat' dir='ltr'><strong>enm</strong></span> <span class='ocrx_word' id='word_1_273' title='bbox 1007 3714 1155 3798; x_wconf 84' lang='lat' dir='ltr'><strong>scripsit,</strong></span> <span class='ocrx_word' id='word_1_274' title='bbox 1170 3721 1264 3779; x_wconf 82' lang='lat' dir='ltr'><strong>ulex</strong></span> <span class='ocrx_word' id='word_1_275' title='bbox 1284 3712 1361 3779; x_wconf 84' lang='lat' dir='ltr'><strong>Ma·</strong></span> 
     </span>
     <span class='ocr_line' id='line_1_34' title="bbox 262 3813 1361 3907; baseline 0.005 -31"><span class='ocrx_word' id='word_1_276' title='bbox 262 3813 389 3890; x_wconf 87' lang='lat' dir='ltr'><strong>orobio,</strong></span> <span class='ocrx_word' id='word_1_277' title='bbox 404 3814 464 3878; x_wconf 89' lang='lat' dir='ltr'><strong>lib</strong></span> <span class='ocrx_word' id='word_1_278' title='bbox 481 3830 519 3878; x_wconf 93' lang='grc' dir='ltr'><strong>ιι.</strong></span> <span class='ocrx_word' id='word_1_279' title='bbox 537 3814 701 3879; x_wconf 87' lang='lat' dir='ltr'><strong>Satumal.</strong></span> <span class='ocrx_word' id='word_1_280' title='bbox 704 3833 930 3895; x_wconf 80' lang='lat' dir='ltr'><strong>,cognoscere</strong></span> <span class='ocrx_word' id='word_1_281' title='bbox 950 3815 1040 3893; x_wconf 89' lang='lat' dir='ltr'><strong>licet,</strong></span> <span class='ocrx_word' id='word_1_282' title='bbox 1054 3817 1151 3900; x_wconf 87' lang='lat' dir='ltr'><strong>cujus</strong></span> <span class='ocrx_word' id='word_1_283' title='bbox 1166 3814 1240 3881; x_wconf 81' lang='lat' dir='ltr'><strong>baec</strong></span> <span class='ocrx_word' id='word_1_284' title='bbox 1255 3816 1361 3907; x_wconf 80' lang='lat' dir='ltr'><strong>rerba</strong></span> 
     </span>
     <span class='ocr_line' id='line_1_35' title="bbox 262 3913 1365 4001; baseline 0.005 -23"><span class='ocrx_word' id='word_1_285' title='bbox 262 3923 361 3979; x_wconf 89' lang='lat' dir='ltr'><strong>sunt:</strong></span> <span class='ocrx_word' id='word_1_286' title='bbox 385 3914 522 3978; x_wconf 90' lang='lat' dir='ltr'><strong>‘Testis</strong></span> <span class='ocrx_word' id='word_1_287' title='bbox 536 3915 623 3979; x_wconf 90' lang='lat' dir='ltr'><strong>idem</strong></span> <span class='ocrx_word' id='word_1_288' title='bbox 639 3913 770 3994; x_wconf 82' lang='lat' dir='ltr'><strong>Cicero,</strong></span> <span class='ocrx_word' id='word_1_289' title='bbox 785 3916 845 3999; x_wconf 91' lang='lat' dir='ltr'><strong>qui</strong></span> <span class='ocrx_word' id='word_1_290' title='bbox 859 3918 893 3980; x_wconf 93' lang='lat' dir='ltr'><strong>in</strong></span> <span class='ocrx_word' id='word_1_291' title='bbox 907 3916 965 3981; x_wconf 89' lang='lat' dir='ltr'><strong>lib.</strong></span> <span class='ocrx_word' id='word_1_292' title='bbox 980 3916 1196 4001; x_wconf 87' lang='lat' dir='ltr'><strong>epistolarum</strong></span> <span class='ocrx_word' id='word_1_293' title='bbox 1216 3917 1260 3981; x_wconf 89' lang='lat' dir='ltr'><strong>ad</strong></span> <span class='ocrx_word' id='word_1_294' title='bbox 1274 3915 1359 3983; x_wconf 86' lang='lat' dir='ltr'><strong>Cor·</strong></span> <span class='ocrx_word' id='word_1_295' title='bbox 1361 3983 1365 3992; x_wconf 84' lang='grc'><strong>,</strong></span> 
     </span>
     <span class='ocr_line' id='line_1_36' title="bbox 261 4014 1364 4113; baseline 0.005 -33"><span class='ocrx_word' id='word_1_296' title='bbox 261 4016 383 4113; x_wconf 77' lang='lat' dir='ltr'><strong>melium</strong></span> <span class='ocrx_word' id='word_1_297' title='bbox 401 4014 566 4099; x_wconf 88' lang='lat' dir='ltr'><strong>Nepotem</strong></span> <span class='ocrx_word' id='word_1_298' title='bbox 585 4014 731 4081; x_wconf 86' lang='lat' dir='ltr'><strong>secundo</strong></span> <span class='ocrx_word' id='word_1_299' title='bbox 748 4016 800 4081; x_wconf 89' lang='lat' dir='ltr'><strong>sic</strong></span> <span class='ocrx_word' id='word_1_300' title='bbox 814 4018 875 4083; x_wconf 86' lang='lat' dir='ltr'><strong>ait:</strong></span> <span class='ocrx_word' id='word_1_301' title='bbox 910 4017 1032 4100; x_wconf 87' lang='lat' dir='ltr'><strong>ltaque</strong></span> <span class='ocrx_word' id='word_1_302' title='bbox 1054 4019 1179 4096; x_wconf 87' lang='lat' dir='ltr'><strong>nostri,</strong></span> <span class='ocrx_word' id='word_1_303' title='bbox 1192 4038 1270 4083; x_wconf 89' lang='lat' dir='ltr'><strong>cum</strong></span> <span class='ocrx_word' id='word_1_304' title='bbox 1290 4038 1364 4098; x_wconf 88' lang='lat' dir='ltr'><strong>om·</strong></span> 
     </span>
     <span class='ocr_line' id='line_1_37' title="bbox 262 4108 1361 4202; baseline 0.004 -21"><span class='ocrx_word' id='word_1_305' title='bbox 262 4108 329 4194; x_wconf 83' lang='lat' dir='ltr'><strong>nia,</strong></span> <span class='ocrx_word' id='word_1_306' title='bbox 345 4137 422 4200; x_wconf 85' lang='lat' dir='ltr'><strong>quae</strong></span> <span class='ocrx_word' id='word_1_307' title='bbox 443 4118 655 4197; x_wconf 83' lang='lat' dir='ltr'><strong>dixissemus,</strong></span> <span class='ocrx_word' id='word_1_308' title='bbox 671 4119 765 4184; x_wconf 89' lang='lat' dir='ltr'><strong>dicta</strong></span> <span class='ocrx_word' id='word_1_309' title='bbox 786 4125 905 4197; x_wconf 89' lang='lat' dir='ltr'><strong>essent,</strong></span> <span class='ocrx_word' id='word_1_310' title='bbox 920 4138 997 4202; x_wconf 72' lang='lat' dir='ltr'><strong>qnae</strong></span> <span class='ocrx_word' id='word_1_311' title='bbox 1019 4121 1136 4197; x_wconf 81' lang='lat' dir='ltr'><strong>facete,</strong></span> <span class='ocrx_word' id='word_1_312' title='bbox 1151 4127 1186 4183; x_wconf 89' lang='lat' dir='ltr'><strong>et</strong></span> <span class='ocrx_word' id='word_1_313' title='bbox 1203 4120 1361 4199; x_wconf 78' lang='lat' dir='ltr'><strong>breviter,</strong></span> 
     </span>
    </p>
   </div>
   <div class='ocr_carea' id='block_1_5' title="bbox 264 4220 1371 4323">
    <p class='ocr_par' dir='ltr' id='par_1_5' title="bbox 264 4220 1371 4323">
     <span class='ocr_line' id='line_1_38' title="bbox 264 4220 1371 4323; baseline 0.007 -34"><span class='ocrx_word' id='word_1_314' title='bbox 264 4220 297 4289; x_wconf 79' lang='lat' dir='ltr'><strong>et</strong></span> <span class='ocrx_word' id='word_1_315' title='bbox 312 4222 408 4289; x_wconf 78' lang='lat' dir='ltr'><strong>acuto</strong></span> <span class='ocrx_word' id='word_1_316' title='bbox 428 4220 531 4293; x_wconf 82' lang='lat' dir='ltr'><strong>locuti</strong></span> <span class='ocrx_word' id='word_1_317' title='bbox 552 4239 710 4311; x_wconf 81' lang='lat' dir='ltr'><strong>essenus,</strong></span> <span class='ocrx_word' id='word_1_318' title='bbox 725 4238 766 4286; x_wconf 82' lang='lat' dir='ltr'><strong>ea</strong></span> <span class='ocrx_word' id='word_1_319' title='bbox 787 4222 926 4313; x_wconf 79' lang='lat' dir='ltr'><strong>proprio</strong></span> <span class='ocrx_word' id='word_1_320' title='bbox 939 4222 1073 4293; x_wconf 83' lang='lat' dir='ltr'><strong>nomine</strong></span> <span class='ocrx_word' id='word_1_321' title='bbox 1094 4221 1257 4312; x_wconf 81' lang='lat' dir='ltr'><strong>appellari</strong></span> <span class='ocrx_word' id='word_1_322' title='bbox 1270 4221 1371 4323; x_wconf 19' lang='lat' dir='ltr'><strong>dicta,</strong></span> 
     </span>
    </p>
   </div>
   <div class='ocr_carea' id='block_1_6' title="bbox 0 0 1548 4867">
    <p class='ocr_par' dir='ltr' id='par_1_6' title="bbox 0 0 1548 4867">
     <span class='ocr_line' id='line_1_39' title="bbox 0 0 1548 4867; baseline 0 0"><span class='ocrx_word' id='word_1_323' title='bbox 0 0 1548 4867; x_wconf 95' lang='lat' dir='ltr'><strong> </strong></span> 
     </span>
    </p>
   </div>
  </div>
 </body>
</html>
