3059 4867
240 342 287 409 m
550 356 783 409 rnsrrrrourn
808 356 855 407 rr
877 355 1030 408 rourum

242 501 335 589 quod
350 508 480 585 quanta
495 502 725 587 imprudentiae
740 520 782 567 ae
795 502 971 567 dementire
986 500 1121 566 munet!
1164 498 1340 569 Nuneam

241 612 321 682 tem,
337 603 502 687 Pompeio
512 610 545 667 et
559 601 694 667 Caesare
707 604 793 667 inter
806 622 843 667 se
855 603 1138 677 contendentibus,
1152 610 1185 665 et
1197 609 1341 687 utroque

240 706 445 791 pmbubilem
468 725 508 771 ac
532 706 720 788 speciosam
738 704 819 768 belli
840 722 977 768 eausam
992 702 1159 781 afferente,
1174 703 1272 786 quasi
1283 703 1339 769 rel

240 808 434 884 libertatem,
459 808 511 870 vel
530 807 590 891 jus
614 807 794 871 tribunitiae
819 805 1013 888 potestatis,
1035 805 1089 867 vel
1109 804 1339 870 auctoritatem

242 914 388 988 senatus,
412 914 445 971 et
459 908 548 989 leges
563 909 731 991 antiquas,
747 913 782 974 et
796 925 920 970 morem
943 906 1107 991 majorum
1130 906 1337 984 defendente,

240 1008 358 1093 populi
381 1010 532 1073 libertate
557 1009 696 1092 denique
713 1008 863 1073 nondum
883 1026 1020 1090 prorsus
1039 1026 1216 1091 oppressa,
1237 1006 1340 1073 libere

241 1110 376 1195 quidem
390 1110 461 1175 haec
476 1110 638 1189 dicuntur,
654 1110 716 1173 sed
730 1128 838 1192 neque
856 1108 1096 1191 imprudenter,
1112 1114 1148 1173 et
1162 1110 1236 1172 sina
1248 1108 1339 1192 peri-

242 1213 329 1283 culo.
375 1211 415 1275 In
437 1210 651 1295 Thrasybulo
684 1211 784 1297 (v11r.
797 1206 848 1294 2.)
868 1211 938 1275 sic:
966 1210 1115 1295 ‘Neque
1138 1216 1249 1274 tamen
1276 1228 1340 1294 pro

241 1312 401 1395 opinione
414 1310 614 1395 Thrasybuli
629 1317 737 1377 auctae
761 1317 841 1377 sunt
862 1330 965 1395 opes;
986 1330 1065 1375 nam
1082 1313 1155 1397 jam
1176 1318 1245 1375 tum
1269 1312 1340 1375 illia

241 1414 448 1496 temporibus
475 1412 595 1477 fortius
619 1412 698 1476 boni
717 1431 779 1496 pro
805 1412 958 1477 libertate
979 1412 1209 1495 loquebantur,
1236 1430 1339 1495 qnam

241 1514 453 1599 pugnabant!
498 1513 671 1597 Significat
695 1521 812 1578 auctor
836 1513 937 1597 hujus
952 1514 1042 1591 libri,
1063 1513 1217 1578 homines
1235 1515 1339 1580 etiam

241 1618 444 1701 temporibus
458 1616 536 1695 illis,
552 1616 676 1701 quihus
698 1616 784 1681 vixit
803 1614 1044 1699 Thrasybulus,
1059 1616 1339 1699 quemadmodum

241 1718 325 1795 suis,
345 1719 527 1801 paratiores
550 1719 593 1782 ad
615 1718 854 1783 defendendam
875 1718 1063 1783 libertatem
1085 1718 1190 1783 fuisse
1215 1718 1338 1795 verbis,

242 1818 463 1903 quamsaetis.
508 1820 563 1885 Ex
579 1840 646 1906 quo
662 1822 844 1902 intelligere
852 1821 945 1897 licet,
958 1840 1035 1884 eum
1042 1821 1187 1885 libertati
1198 1819 1338 1897 favisse,

241 1926 275 1987 et
300 1938 322 1985 a
345 1922 498 2005 potentia
522 1923 855 2005 singularissimum
878 1921 1025 1986 alienum
1045 1923 1225 1987 babuisse:
1247 1918 1340 2003 qnod

240 2021 339 2103 longe
360 2040 459 2089 secus
482 2032 583 2104 esset,
608 2027 638 2089 si
660 2022 842 2089 Theodosii
855 2029 966 2089 ,astate
991 2022 1170 2089 floruisset.
1214 2020 1341 2087 Videat

241 2124 348 2205 lector
370 2131 405 2190 et
428 2144 505 2209 qua
533 2112 578 2191 ad
602 2128 690 2191 hune
715 2127 828 2191 locum
858 2126 1103 2191 annotavimus.
1158 2123 1200 2187 lu
1225 2122 1338 2188 Dione

240 2222 300 2309 (x.
316 2222 365 2309 9.)
386 2228 454 2292 sie:
488 2227 593 2304 ‘Hio,
622 2229 709 2293 siout
730 2235 806 2293 ante
827 2246 921 2311 saepo
940 2227 1066 2292 dietum
1088 2231 1152 2304 est,
1174 2244 1275 2308 qnam
1289 2227 1339 2289 in·

239 2324 316 2391 visa
329 2327 376 2390 sit
389 2327 565 2409 singularis
581 2330 741 2410 potentia,
755 2335 789 2394 et
803 2329 992 2393 miserando
1006 2330 1085 2407 rita,
1103 2329 1161 2410 qni
1175 2347 1212 2391 se
1223 2328 1338 2407 metui,

241 2444 341 2513 quem
359 2428 474 2505 amari,
499 2429 636 2507 malunt,
658 2430 767 2495 cnivis
791 2430 892 2495 facile
911 2428 1082 2494 intellectu
1102 2429 1187 2494 fnit!
1229 2428 1339 2494 mam

240 2526 295 2595 bic
307 2526 402 2593 loeus
418 2536 612 2611 argumento
633 2534 695 2607 est,
718 2550 786 2595 non
805 2531 913 2595 solum
928 2529 1147 2611 tyrannidem,
1162 2550 1239 2614 qnia
1252 2548 1339 2594 sem·

240 2645 301 2713 per
315 2628 454 2713 injusta,
469 2636 503 2695 nt
518 2631 597 2695 odio
612 2630 710 2712 dignu
732 2637 796 2709 est,
817 2649 933 2695 verum
954 2632 1053 2695 etiam
1068 2632 1266 2713 singularem
1279 2650 1340 2716 po·

240 2732 393 2810 tentiam,
408 2752 485 2816 qnae
501 2740 702 2815 potestesse
721 2734 816 2817 justa
834 2738 868 2796 et
886 2734 1015 2816 populo
1030 2740 1134 2815 grata,
1157 2733 1270 2816 quolis
1286 2739 1340 2798 est

236 2829 403 2914 justorum
424 2852 551 2915 regum,
576 2836 653 2899 huic
676 2836 833 2918 scriptori
854 2835 1002 2899 invisam
1022 2834 1138 2899 fuisse.
1182 2834 1286 2913 Quod
1308 2834 1340 2899 ai

241 2931 296 2997 hie
318 2934 416 3011 liber,
438 2934 632 3000 Theodosio
662 2937 837 3019 imperium
860 2938 1039 3016 obtinente,
1062 2939 1206 3021 scriptus
1235 2942 1338 3013 esset,

240 3032 332 3102 itane
345 3036 484 3099 licenter
498 3043 532 3100 et
546 3042 659 3119 aperte
671 3038 772 3121 hujus
785 3040 865 3103 libri
882 3039 999 3123 opifex
1013 3040 1176 3105 adversus
1191 3039 1341 3123 singula-

241 3154 314 3215 rem
340 3139 536 3219 potentiam,
561 3156 639 3221 quar
666 3138 749 3203 nibil
774 3140 866 3205 alind
890 3147 954 3213 est,
980 3160 1082 3222 quam
1103 3144 1249 3226 μοναρχία
1279 3146 1340 3205 aut

240 3236 472 3319 &nimiahoc
486 3247 551 3317 est,
568 3258 713 3321 reguum,
725 3240 805 3322 styli
818 3240 871 3306 soi
882 3260 1070 3305 mueronem
1085 3243 1337 3308 destrinxissetl

173 3364 181 3389 ·
242 3341 291 3417 lu¹
307 3341 543 3425 Epaminonda
565 3346 645 3420 (xv.
661 3344 730 3419 lu.)
751 3344 820 3407 sie:
857 3342 962 3421 ‘Quo
990 3346 1150 3427 tempor'e,
1173 3345 1258 3409 duee
1272 3345 1340 3410 Pe·

241 3442 369 3525 lopida,
393 3443 509 3517 exules
525 3444 660 3509 Thebas
681 3453 900 3527 occuparunt,
922 3450 956 3507 et
968 3444 1161 3527 praesidium
1176 3445 1339 3510 Lacedae·

242 3544 427 3621 modiorum
455 3564 499 3607 ex
531 3565 608 3609 arne
637 3546 847 3629 expulerunt,
880 3545 1144 3627 Epaminondas,
1177 3548 1339 3628 quamdiu

242 3644 337 3717 lama
350 3652 400 3707 est
415 3648 675 3726 caedescivinm,
695 3649 796 3714 domo
808 3670 844 3713 se
859 3650 981 3725 tenuit3
1005 3649 1095 3731 qnod
1108 3668 1216 3730 neque
1229 3650 1339 3714 malos

243 3744 416 3822 defendere
433 3750 572 3825 volebat,
587 3768 695 3833 neque
711 3754 916 3833 impugnare,
929 3770 971 3813 ne
985 3770 1102 3828 mnus
1114 3770 1247 3813 suorum
1261 3754 1353 3815 san-'

244 3848 342 3930 gaiae
353 3856 559 3925 cruentaret:
581 3870 722 3934 numque
737 3870 867 3923 omnem
889 3853 1023 3915 civilem
1040 3852 1213 3917 victoriam
1227 3853 1339 3917 fimes·

244 3955 313 4037 tam
329 3950 489 4032 putabat?
533 3952 677 4017 Videtur
703 3954 754 4017 his
775 3954 885 4016 verbis
906 3962 1017 4017 noster
1041 3956 1186 4035 scriptor
1205 3959 1241 4017 et
1262 3953 1356 4017 belli·

244 4052 353 4129 civilis
376 4060 537 4132 auctores,
562 4054 762 4138 Pompeium
777 4062 822 4119 'et
845 4055 1022 4134 Caesarem,
1054 4056 1181 4139 inquo
1210 4061 1357 4120 tantum.

244 4142 415 4245 sanguinis
432 4156 541 4233 uirilis
561 4156 808 4239 praesumsit,
829 4162 957 4235 notare,
978 4164 1014 4221 et
1032 4156 1135 4223 tacite
1159 4155 1357 4241 Pomponii.
