3059 4867
212 314 258 395 lid
522 323 754 393 susurronum
780 340 826 390 nr
848 321 1003 392 rnurctu

209 488 363 566 misteria,
393 488 495 571 q'uein
512 468 629 573 ¹·Iiap'h.
655 470 896 551 Volaterrauus
923 490 987 548 'sex
1012 464 1194 548 carminum
1214 482 1311 549 libris

211 590 288 675 (qui
302 596 334 654 'et
347 611 424 655 curn
441 590 544 674 Diety
560 588 708 653 Cretensi
725 588 823 670 vulgo
835 582 999 668 leguntur)
1012 584 1217 649 convertisse
1240 584 1313 649 Ne-

211 688 326 775 poten
355 692 512 772 tradidit3
536 692 657 777 quibus
683 698 716 755 et
741 709 842 774 prosa
864 690 1012 753 oratione
1033 686 1177 749 'narratio
1202 676 1312 750 excidii

215 789 316 879 Trp'ae
344 796 567 877 praemittitur,
593 813 693 876 quarn
718 802 751 856 et
769 793 898 875 ipsein
919 788 1085 857 veteribus
1100 791 1196 853 libris
1210 789 1311 853 etiam

211 896 279 962 ¹soii
305 893 448 959 Cornelio
467 896 599 959 cuidam
622 894 817 979 inscriptam
833 894 912 958 vidi.
956 894 1165 978 Styiussane
1180 895 1313 955 nonest

214 1018 325 1064 aurern
354 998 443 1061 iilius
471 998 592 1076 aetatis,
624 996 745 1061 nedum
772 996 929 1071 Cornelii,
960 995 1056 1078 cujus
1088 993 1312 1076 eloquentiam

212 1097 356 1177 'lullins
378 1098 604 1163 Romanorum
618 1096 868 1173 disertissimus,
884 1094 1036 1174 laudarit,
1052 1114 1162 1179 eoque
1177 1094 1311 1159 nomine

213 1199 424 1267 carissimum
438 1200 598 1263 habuerit.
644 1197 762 1261 Fuisse
779 1191 911 1280 quidem
925 1195 1077 1260 Homero
1090 1196 1311 1279 antiquiorem

214 1302 410 1386 scriptorem
435 1298 597 1376 Duretem,
621 1299 748 1363 AEliaui
767 1299 976 1387 auctoritate,
992 1296 1081 1361 etl).
1102 1295 1225 1360 Isidori
1246 1316 1312 1361 non

212 1402 362 1482 infiei0r3
379 1401 438 1465 sed
452 1402 551 1465 hicne
566 1402 650 1464 liber
664 1400 719 1465 ille
735 1400 790 1477 sit,
802 1401 860 1484 qni
873 1398 916 1464 ad
926 1398 1049 1462 AEliani
1059 1417 1164 1481 usque
1176 1404 1311 1462 aemtem

210 1503 353 1582 duravit,
368 1502 577 1566 vehementer
589 1502 714 1568 dubito.
759 1501 818 1565 Sic
839 1520 918 1567 vero
942 1502 1009 1578 ilie,
1032 1501 1105 1564 libr.
1130 1516 1184 1563 ιι.
1207 1501 1311 1564 variae

212 1604 345 1670 flietor.
393 1600 445 1667 Τόν
470 1602 574 1689 Φρύγα
597 1604 625 1665 δὲ
649 1602 781 1684 dripere,
805 1600 838 1666 od
867 1601 998 1689 Φρυγίαν
1019 1604 1131 1665 Ἰλιάδα
1145 1600 1187 1665 ἔτι
1202 1600 1252 1665 καὶ
1266 1604 1312 1665 νῦν

211 1704 422 1788 exenteratum
437 1704 507 1785 οἶδα,
529 1708 581 1793 πρὸ
597 1707 722 1792 Ὀμήρου
742 1707 791 1771 καὶ
806 1712 903 1770 τοῦτον
917 1706 1046 1791 γενέσθαι
1062 1703 1191 1791 λέγουόι.
1236 1704 1311 1770 Sal·

211 1808 312 1875 tuedo
326 1810 361 1873 i‘d
374 1810 470 1893 'opus
483 1810 623 1875 nothdm
634 1816 668 1874 et
682 1810 887 1889 illegitimum
900 1808 1057 1873 faisariuu
1072 1809 1140 1887 ille,
1155 1807 1310 1897 q‘u'isquis

210 1909 318 1990 inest,
333 1912 405 1995 lege
417 1910 586 1991 Comelie,
597 1916 625 1978 si
641 1912 908 1997 deprehendatur,
918 1910 1117 1995 puniendus,
1130 1908 1310 1997 inscripsit

211 2006 323 2089 Quem
351 2012 483 2096 quidem
511 2011 676 2098 Crispum,
703 2013 801 2077 Rom.
823 2014 970 2078 historiae
994 2012 1190 2096 principem,
1214 2012 1311 2078 initio

210 2112 323 2177 statim
338 2114 463 2179 rustice
479 2122 512 2180 et
526 2117 635 2198 inepte
655 2115 823 2199 appellat:
845 2114 940 2193 ‘Cui
956 2114 1075 2198 inquit,
1099 2113 1182 2178 nihss
1197 2112 1314 2201 adjici·

208 2214 343 2292 endum,
360 2221 418 2280 ant
431 2216 690 2293 diminuendum,
705 2219 755 2280 rei
769 2216 998 2280 formidandae’
1019 2212 1312 2300 (fortformuode)

209 2321 338 2383 ‘cansa
352 2320 480 2401 putavi,
496 2320 640 2399 alioquin
658 2336 769 2381 meum
780 2338 855 2381 esse
866 2324 981 2401 posset
995 2317 1163 2383 dubitari.’
1184 2316 1311 2382 Verum

209 2418 375 2483 enimvero
393 2438 586 2502 germanum
610 2439 664 2483 me
678 2415 845 2502 reperisse
858 2428 1026 2502 parentem
1042 2420 1194 2503 gaudeo;
1215 2427 1311 2485 nata·

209 2518 300 2586 libus
319 2510 431 2605 itaque
445 2522 598 2601 restituo,
623 2523 856 2587 auctoritatem
885 2529 1021 2611 secutus
1043 2522 1145 2586 veiuti
1168 2520 1311 2589 familia-

208 2626 281 2687 'rnm
296 2624 456 2703 censorie,
473 2622 644 2691 Guilietmi
660 2624 832 2702 Camdeui,
849 2624 991 2689 hominis
1004 2624 1169 2703 Britanni,
1186 2628 1244 2713 qui
1260 2626 1310 2691 sic

209 2722 346 2789 Daretis
359 2728 449 2791 iilius
472 2741 514 2790 ec
536 2726 699 2811 poematis
720 2727 756 2789 in
779 2723 914 2809 Angliae
937 2726 1074 2791 historia
1102 2727 1248 2791 meminit
1269 2726 1311 2793 de

209 2822 288 2891 Isca
306 2826 464 2909 inquens:
486 2826 593 2891 ‘Hoc
619 2828 746 2892 saecuto
771 2827 876 2912 (anno
898 2827 1093 2914 mccxxrv.)
1113 2829 1236 2907 floruit,
1252 2825 1310 2914 qui

207 2926 284 2994 hinc
299 2928 457 2993 oriundus
471 2932 504 2995 e't
518 2932 779 3011 cugrromiuatus,
793 2928 964 3015 iosephns
983 2930 1136 3011 lscanus,
1161 2930 1310 3017 splendi-

207 3028 345 3096 dissimo
359 3030 489 3115 ingenio
503 3030 624 3115 poeta3
641 3031 739 3115 cujus
753 3034 881 3117 scriptu
895 3034 946 3097 sic
960 3034 1194 3122 probabantur,
1210 3028 1249 3099 ut
1263 3031 1308 3100 ad

206 3138 356 3199 vetentur
386 3134 581 3217 scriptorum
604 3132 973 3218 laudem'perveneriut.
1017 3132 1102 3220 Ejus
1122 3136 1244 3202 etenim
1264 3139 1308 3204 de

206 3234 295 3301 beilo
322 3232 467 3321 ‘i'r'ojauo
491 3234 612 3319 potinus
638 3236 799 3302 Germani
827 3239 881 3302 ter
905 3237 969 3303 snb
992 3235 1138 3302 Cornelii
1165 3235 1310 3324 Nepotis

206 3338 344 3403 nomine
358 3336 590 3420 divulgarunt!
632 3337 712 3403 Jurn
726 3344 804 3403 vero
822 3336 1000 3402 Alexandri
1015 3337 1109 3403 illam
1124 3337 1168 3402 ad
1184 3338 1308 3405 Aristu-

207 3436 297 3529 telem
325 3442 565 3523 praeceptorem
591 3438 632 3504 de
663 3440 763 3505 rebus
802 3428 931 3506 indicis
958 3438 1128 3526 epistolum
1157 3461 1235 3525 quae
1262 3440 1306 3520 Q.

205 3536 433 3605 curionum
450 3538 518 3603 iere
540 3540 729 3625 subjicitur,
747 3542 855 3608 ubist
876 3558 1018 3627 quercus
1036 3542 1140 3607 edunt
1158 3542 1307 3622 oracula,

205 3642 376 3726 moliaque
386 3642 528 3707 ridicula
541 3640 706 3725 iegnntur,
722 3644 814 3727 quis,
836 3647 902 3710 nisi
916 3648 1029 3709 masso
1043 3650 1077 3710 ei
1090 3643 1207 3728 pingui
1216 3642 1307 3731 judi-

207 3742 261 3809 cio
273 3742 442 3835 preditus,
459 3742 502 3808 ab
523 3744 768 3826 eiegnntiesimo
789 3745 923 3831 Nepote
945 3750 1013 3810 tem
1035 3746 1208 3810 incondite
1228 3744 1308 3812 cdii·

205 3846 338 3911 'Versum
368 3844 504 3911 ciedati
550 3844 641 3925 Quin
663 3854 697 3911 et
720 3849 755 3911 in
777 3848 862 3932 ipsis
882 3849 1087 3927 unctoribus,
1112 3863 1240 3928 uereor,
1263 3848 1307 3915 de

204 3944 495 4032 dibiaanudaru,
518 3962 579 4012 nec
594 3964 617 4011 e
632 3942 765 4032 Nep'oie
781 3948 940 4033 profecte,
964 3956 1159 4015 occuuant:
1180 3954 1217 4016 ut
1229 3950 1306 4033 qued

205 4047 241 4113 u
255 4044 411 4113 creato
462 4047 911 4143 remanseramus
924 4051 1219 4141 unumunurn,
1241 4035 1307 4117 sut

205 4148 406 4216 messene
511 4134 553 4216 tto
569 4148 688 4238 Nrpdtt
710 4152 821 4219 ahere
844 4152 911 4237 legi
934 4151 1134 4237 emmaum
1155 4156 1191 4221 et
1210 4143 1305 4220 mim
