3059 4867
503 380 556 480 'un
579 378 771 481 conuniro
794 376 975 482 aurern.
1234 417 1279 483 ab

1246 516 1278 544 (ιι

177 552 285 643 Αἰιιοι
314 528 492 639 consilium
520 576 716 658 approbare,
739 574 797 658 qui
823 522 924 638 bellis
949 572 1119 653 civilibus,
1142 562 1220 659 qum
1243 575 1285 639 in,

178 664 254 769 ejus
279 682 414 743 aetatem
442 678 640 755 inciderunt,
663 679 821 741 interesse
849 675 1004 753 noluerit,
1035 676 1095 741 sed
1123 677 1215 742 domi
1239 696 1278 743 se

178 770 390 856 continuerit,
412 786 444 843 et
467 779 644 863 quieverit,
667 777 758 862 quod
779 777 911 859 quidem
934 772 1190 861 prudentissimi
1217 779 1280 844 viri

179 876 359 945 consilinm
373 880 561 965 factumque
576 881 689 944 exitus
704 880 946 962 comprobavit
984 878 1075 974 Nam
1089 880 1164 943 aliis
1175 882 1280 945 omni-

178 970 256 1059 bns,
272 1003 329 1066 qur
320 983 396 1045 ‘vel
410 984 482 1060 has,
504 982 557 1047 vel
573 982 651 1047 illas
663 990 775 1065 partes
790 982 895 1046 seeuti
911 988 1015 1059 erant,
1038 962 1097 1045 avit
1110 983 1280 1066 proscrip-
1325 1058 1328 1061 ⁴

179 1078 224 1147 tis
238 1088 272 1147 et
281 1068 456 1169 jugulatis,
472 1084 554 1147 aut
546 1104 580 1146 m
595 1084 668 1146 acie
683 1083 899 1167 interemptis,
914 1102 999 1147 unus
1014 1080 1149 1147 Atticus
1163 1084 1279 1148 salvus

179 1202 223 1249 ex
240 1190 292 1249 tot
305 1187 471 1270 tantisque
485 1186 680 1269 reipublicae
696 1184 853 1251 fluctibus
866 1186 1011 1250 emersit.
1049 1184 1167 1267 Itaque
1181 1185 1223 1247 de
1238 1204 1281 1251 eo

181 1286 227 1351 ita
252 1286 429 1352 Cornelius
459 1288 582 1371 Nepos
604 1288 638 1350 in
662 1286 736 1370 ejus
758 1286 829 1351 vita
854 1290 967 1365 (xxv.
980 1283 1069 1369 10.):
1092 1284 1222 1363 ‘Quod
1250 1288 1282 1353 si

180 1372 381 1471 g'ubernator
394 1390 567 1473 praecipua
579 1387 678 1452 laude
692 1387 805 1466 sertur,
815 1389 875 1471 qui
886 1408 1006 1451 navem
1020 1406 1065 1451 ex
1079 1387 1196 1471 hyeme
1212 1406 1281 1453 ma·

181 1477 276 1574 rique
292 1492 474 1574 scopuloso
489 1498 617 1570 servat3
640 1508 698 1552 cur
712 1506 778 1551 non
794 1487 970 1571 singularis
988 1488 1060 1572 ejus
1075 1489 1282 1553 existimetur

181 1586 372 1674 prudentia,
384 1593 441 1676 qui
456 1611 500 1655 ex
514 1596 563 1655 tot
577 1596 710 1673 tamque
725 1590 880 1671 gravibus
895 1589 1052 1674 procellis
1067 1590 1224 1655 civilibus
1239 1590 1283 1656 ad

180 1686 445 1757 incolumitatem
460 1690 646 1775 pervenitt'
620 1690 719 1753 tin
746 1688 944 1773 Agesilao(
946 1707 1037 1755 xvir.
1051 1694 1098 1769 4.)
1126 1693 1194 1758 sie:
1217 1692 1284 1757 ‘In

182 1791 246 1857 lioc
269 1814 337 1858 non
355 1796 466 1859 minus
491 1796 562 1879 ejus
594 1795 701 1879 pietas
728 1793 946 1875 suspicienda
970 1800 1031 1871 est,
1054 1814 1156 1912 quam
1178 1779 1307 1861 virtus.

181 1878 326 1963 bellica.
350 1896 418 1980 qui,
431 1914 508 1960 eum
531 1895 648 1960 victori
663 1901 825 1979 praeesset
843 1896 1015 1974 exercitui,
1040 1896 1283 1982 maximamque

183 1998 320 2065 baberet
340 1998 498 2062 fiduciam
519 2018 608 2081 regni
599 1998 804 2061 Persarum
817 1997 983 2081 potiundi,
1006 2005 1104 2063 tanta
1117 1998 1285 2065 modestia
1371 2028 1374 2036 ·

183 2088 278 2167 dicto
291 2096 432 2166 audiens
446 2100 536 2165 init
521 2101 627 2187 pussis
643 2101 831 2165 absentium
846 2102 1110 2181 magistratuum,
1123 2107 1161 2164 ut
1174 2102 1205 2165 si
1219 2101 1285 2185 pri·

183 2207 285 2267 v'atns
300 2202 336 2267 in
357 2203 491 2267 comitio
515 2206 605 2266 esset
623 2202 769 2286 Spartae.
814 2200 920 2284 Cujus
945 2202 1140 2285 exemplum
1159 2204 1295 2292 utinam

182 2294 406 2387 imperatores
431 2304 537 2368 nostri
566 2302 665 2387 sequi
688 2303 873 2367 voluissent
881 2301 900 2365 ι’
944 2303 1012 2367 Hie
1033 2303 1128 2369 loous
1150 2305 1286 2385 clamat,

184 2396 357 2473 a'nctorem
370 2404 470 2489 hujus
484 2404 559 2469 libri
575 2424 710 2489 carpere
725 2410 757 2467 et
771 2411 885 2468 notare
905 2404 1065 2489 Pompeii
1078 2411 1112 2470 et
1125 2404 1285 2487 Caesaris,

186 2506 250 2573 sed
264 2507 412 2593 maxime
428 2504 587 2586 Caesaris,
609 2508 796 2591 potentiam
818 2526 883 2570 non
907 2505 1086 2586 ferendam,
1111 2511 1287 2595 quiimpe·

185 2608 274 2675 rium
289 2614 323 2675 et
334 2628 435 2674 exerc
440 2610 520 2675 itum
533 2611 671 2674 retinere
685 2609 773 2673 ultra
786 2615 918 2691 tempus
929 2609 1005 2691 iege
1018 2629 1220 2682 conoessum,
1229 2633 1297 2701 vo,

186 2711 294 2778 luerit.
338 2710 450 2775 Etiam
466 2711 509 2776 ad
530 2712 617 2776 hune
631 2711 741 2775 locum
757 2709 835 2774 vide
861 2729 938 2792 qum
961 2713 1202 2777 annotavimus.
1244 2717 1288 2783 In

187 2798 336 2878 Eumene
358 2814 542 2893 (xv111.l.)
565 2813 632 2877 sic:
671 2812 821 2896 ‘ltaque
848 2831 924 2875 eum
950 2810 1067 2877 babuit
1087 2814 1135 2889 ⁸ad
1154 2835 1299 2885 manum.

187 2900 308 2981 s'cribae
323 2915 418 2981 ioco:
441 2914 533 2999 quod
556 2915 659 2981 multo
683 2913 774 2997 apud
800 2911 922 2977 Graios
938 2914 1208 2983 honorificentius
1224 2926 1288 2999 est,

190 3017 292 3101 qnam
306 3016 395 3100 apud
411 3015 594 3080 Romanos.
640 3013 731 3080 Nam
747 3014 837 3099 apud
859 3034 922 3079 nos
938 3035 1066 3095 revera,
1087 3020 1175 3084 sieut
1197 3030 1288 3101 sunt,

188 3118 382 3183 mercenarii
395 3119 515 3183 scribae
530 3114 784 3182 existimantur?
830 3116 945 3183 Etiam
964 3118 1020 3183 bio
1043 3120 1139 3185 loons
1151 3121 1288 3203 indicat,

169 3211 275 3287 ‚iiunc
289 3220 411 3285 librum
425 3240 500 3287 esse
516 3220 677 3302 scripturn
693 3219 855 3283 Romanis
868 3222 1013 3303 potentia
1026 3222 1145 3305 populi
1163 3228 1198 3287 et
1210 3243 1291 3289 aue-

189 3322 323 3388 toritate
337 3324 535 3405 optimatum
551 3322 729 3399 utentibus,
752 3340 821 3385 non
840 3320 1094 3409 imperatoribus
1116 3322 1290 3389 dominan-

190 3407 293 3489 tibus.
340 3422 442 3503 Quod
455 3424 588 3507 planius
603 3423 669 3501 fiet,
684 3422 803 3506 siquis
817 3422 918 3503 legat,
937 3440 1017 3506 qnae
1032 3423 1133 3488 etiam
1147 3424 1291 3492 adhunc

191 3522 304 3591 locum
339 3527 581 3591 annotavimus.
639 3523 770 3589 ibidem
800 3525 928 3601 (xvru.
953 3522 1004 3600 3.)
1038 3524 1108 3590 sic.
1146 3526 1291 3593 ‘·Maee

193 3622 300 3691 dones
316 3645 396 3691 vero
410 3628 532 3692 milites
553 3647 594 3691 ea
615 3633 695 3691 tunc
711 3633 803 3691 erant
821 3626 925 3703 fama,
948 3647 1015 3709 qua
1036 3646 1124 3691 nune
1145 3626 1292 3719 Romani

164 3802 174 3815 ·
190 3726 358 3793 feruntur:
375 3730 496 3793 etenim
512 3750 640 3813 semper
653 3730 758 3794 babiti
770 3734 847 3793 sunt
857 3729 1029 3793 fortissimi
1031 3730 1112 3811 ,qni
1127 3748 1293 3796 summam

190 3828 325 3911 iinperii
339 3828 535 3911 potirentur.
567 3830 637 3894 Hie
653 3850 785 3915 quoque
797 3830 891 3895 loeus
905 3831 1065 3907 declarat,
1075 3829 1292 3896 bunelibrnm

193 3914 270 3995 e'sse
300 3928 476 4011 scripturn,
506 3950 574 4014 quo
602 3938 749 4014 ternpore
779 3931 928 4014 populus
958 3930 1169 3995 Romanus
1160 3934 1293 4015 imperii

194 4023 362 4095 sinnmam
376 4032 557 4109 obtinebat,
579 4052 650 4097 non
673 4052 741 4116 quo
768 4033 983 4116 imperatores
1007 4032 1117 4095 omnia
1135 4034 1171 4096 in
1196 4052 1293 4099 snam

192 4124 397 4216 potestatem
413 4132 617 4217 redegerant.
650 4134 684 4198 N
686 4154 750 4211 am,
766 4135 1021 4217 imperatoribus
1035 4133 1293 4213 dominantibus,

196 4230 357 4301 Germani
371 4238 405 4299 et
419 4234 570 4302 barbarae
590 4235 741 4302 nationes
763 4234 1002 4300 firmamentum
1023 4243 1058 4302 et
1079 4236 1182 4303 robur
1202 4240 1295 4303 erant
