3059 4867
706 404 832 455 vrrs·
981 418 987 445 ι
1252 391 1304 462 ’23

197 546 385 624 conditum,
408 550 443 613 ut
457 543 588 613 Comei.
603 546 774 632 Nepos-in
787 547 894 632 primo
909 545 1148 615 chronicorum
1160 548 1204 615 de
1213 549 1303 617 ,lio-

202 667 297 720 mero
310 646 417 725 dixit,
438 648 534 714 aunis
555 648 840 717 circiterccntum
860 654 893 713 et
913 649 1111 733 sexaginte?
1155 648 1304 731 Quoue

195 748 379 823 *Ausonius
393 738 533 815 testetur
546 749 655 833 Epist.
668 750 723 817 od·
733 750 883 817 Probum
905 749 1106 817 Praefectum
1120 751 1299 830 Praetoriu,

201 852 395 921 hisverbis:
418 850 622 937 ‘Apologos
637 850 778 930 litiani,
795 858 830 918 et
845 853 995 937 Nepotis
1010 851 1187 932 Chronica,
1201 854 1301 939 quasi

203 952 292 1029 elios
304 950 482 1037 Apologos
496 955 637 1031 (namet
648 955 727 1037 ipsu
736 954 846 1019 ¹iustur
866 960 946 1020 suut
958 953 1158 1034 fabularum)
1172 956 1216 1021 ed
1230 955 1303 1020 No-

203 1054 367 1121 bilitatem
387 1061 480 1120 tuam
500 1055 589 1133 misi,
611 1055 776 1139 geudeus,
798 1062 900 1140 etque
927 1037 1203 1140 et'ium‘gloriuus
1232 1055 1317 1122 sore*

192 1156 341 1241 ¹aliqpid,
370 1156 461 1247 quod
488 1156 532 1221 ad
558 1158 795 1223 institutionem
823 1164 970 1235 tuorum,
999 1157 1189 1223 sedulitatis
1217 1176 1302 1229 mete

204 1256 537 1343 studioconiereturss
558 1258 793 1342 ipsumetiam
803 1257 982 1327 ‚Ciceronis
996 1260 1098 1331 vitum
1112 1260 1305 1343 scripsisse,

193 1378 248 1437 ‚en
270 1358 370 1435 Gellii
384 1359 440 1423 lib.
457 1375 523 1423 xv.
537 1360 593 1429 28.
614 1360 865 1443 cognoscimus:
888 1364 1015 1444 ‘etque
1036 1362 1068 1427 is
1089 1358 1219 1427 tamen’
1242 1358 1318 1446 (de,

205 1458 342 1543 Nepote
356 1458 522 1545 loquitur)
549 1464 610 1527 ‘in
629 1463 738 1546 primo
759 1462 917 1533 librorum
936 1451 1023 1547 ¹quos
1036 1461 1078 1527 de
1093 1462 1165 1528 rite
1177 1460 1303 1539 illius'

202 1560 350 1639 (scilicet
360 1560 549 1643 Ciceronis)
575 1565 800 1648 ‘composuit
815 1583 943 1629 errasse
957 1562 1181 1643 ridetur,'&c.
1224 1563 1302 1630 Nec

202 1660 259 1729 hic
273 1663 345 1749 ejus
373 1682 510 1747 operum
532 1667 708 1747 terminus;
730 1665 791 1731 sed
812 1670 849 1730 et
867 1668 950 1731 iuter
971 1665 1258 1737 commentatores
1281 1684 1303 1732 e

202 1762 408 1829 Tertulliano
428 1764 462 1827 iu
485 1761 710 1848 Apologetico
726 1766 887 1831 adversus
901 1765 1027 1831 Gentes
1041 1787 1118 1853 cop.
1130 1768 1184 1831 11.
1198 1786 1301 1832 eunu-

158 1862 164 1871 '
202 1871 368 1932 uteretur:
392 1864 595 1930 ‘Saturnum
610 1866 746 1952 ituque,'
758 1868 879 1952 inquit,
904 1873 914 1902 ‘
930 1874 1091 1952 quantum
1106 1868 1228 1934 Literm
1240 1867 1302 1933 do·

203 1969 289 2043 cent,
303 1983 412 2051 neque
439 1966 611 2032 Diodorus
637 1967 780 2035 Graecus
805 1974 862 2035 eut
888 1967 1017 2047 Tellus,
1038 1988 1148 2052 neque
1162 1966 1303 2033 cassius

204 2062 350 2131 Severus
370 2074 435 2133 eut
452 2067 627 2135 Gemellus
650 2069 784 2153 Nepos,
806 2089 917 2156 neque
941 2068 1033 2133 ullus
1053 2068 1304 2134 Commentator

203 2167 366 2253 ejusmodi
391 2168 649 2253 Antiquitatum,
674 2170 767 2235 aliud
792 2190 894 2255 quem
919 2169 1086 2235 hominem
1112 2170 1303 2254 promulga-

201 2266 298 2335 runt'
342 2270 451 2337 Immo
466 2277 498 2336 ct
510 2272 615 2337 ritem
630 2271 817 2339 Illustrium
831 2272 1041 2357 Scriptorum
1053 2268 1301 2355 composuisse,

203 2368 430 2457 Hieronymus
444 2374 486 2439 de
500 2375 570 2439 vite
580 2373 792 2458 Scriptorum
801 2373 1116 2440 Ecclesiasticcmm
1127 2373 1179 2437 his
1194 2372 1303 2439 verbis

202 2481 454 2541 commemorat:
489 2474 727 2559 ‘Scripscront
746 2476 790 2541 de
808 2478 882 2541 rito
894 2474 1079 2539 illustrium
1094 2473 1303 2559 Scriptorum

202 2572 294 2659 epod
316 2568 457 2641 Graecos
480 2576 686 2660 Hermippus
709 2576 966 2661 Peripateticus,
990 2572 1177 2655 Antigonus
1192 2574 1304 2642 caris

202 2675 280 2755 tius,
294 2676 446 2761 Satyrus,
455 2678 577 2743 doctus
592 2678 654 2756 vir,
668 2682 702 2743 et
714 2678 813 2760 longe
828 2676 975 2739 omnium
983 2674 1199 2739 doctissimus
1208 2674 1303 2741 Aris·

57 2766 64 2775 ’
203 2780 348 2843 toxenus
372 2776 539 2845 Musteus.
583 2775 687 2861 Apud
712 2776 855 2843 Latinos
882 2783 995 2842 eutem
1021 2773 1143 2855 Varro,
1169 2776 1303 2858 Suutru,

205 2872 336 2961 Nepos,
352 2879 520 2965 Hyginus,
535 2881 627 2946 etad
642 2880 740 2965 cujus
753 2896 816 2944 uos
831 2879 1024 2963 exemplum
1036 2878 1089 2943 ris
1107 2897 1303 2962 provocare,
1413 2968 1415 2973 .

202 2976 438 3064 tranquillus?
482 2981 640 3067 Denique
660 2987 694 3047 et
713 2982 942 3065 exemplorum
956 2979 1060 3045 libros
1075 2982 1302 3059 contexuisse,

203 3098 248 3145 ex
276 3079 380 3147 Gellii
407 3082 492 3148 libro
516 3083 661 3148 v11.18.
696 3082 930 3165 agnoscimus:
962 3079 1161 3145 ‘Cornelius
1191 3087 1302 3147 autem

204 3180 345 3265 Nepos:
359 3183 483 3266 inquit,
505 3186 516 3218 ‘
539 3186 574 3249 in
597 3184 701 3249 Libro
735 3184 963 3267 exemplorum
990 3199 1023 3244 v.
1046 3182 1081 3245 id
1107 3200 1240 3267 quoque
1261 3180 1303 3247 li-

202 3282 284 3347 teris
307 3282 502 3361 mondavit:
524 3288 586 3351 tro.
631 3283 780 3365 Quidum
804 3283 916 3361 etiam,
941 3284 1133 3367 intorques
1159 3280 1303 3347 Hermo-

202 3382 277 3449 leus
299 3384 479 3465 Burburus,
495 3385 656 3471 Cestigut.
677 3386 712 3450 in
726 3382 816 3452 Plin.
830 3385 889 3449 lib.
905 3400 971 3450 xv.
983 3383 1039 3449 29.
1061 3390 1176 3448 censet
1190 3383 1304 3449 libel·

202 3484 271 3549 lum
297 3485 340 3551 de
365 3485 458 3552 Viris
483 3486 694 3566 Illustribus,
709 3490 769 3572 qui
796 3486 904 3552 Plinio
930 3485 1030 3550 tribui
1042 3486 1139 3562 solet,
1155 3484 1305 3550 Cornelii

204 3584 353 3671 Nepotis
367 3606 456 3667 esse,
476 3587 578 3673 idque
594 3589 759 3654 veteribus
775 3587 960 3655 codicibus
974 3587 1076 3651 usuui
1089 3606 1193 3670 posse
1208 3602 1303 3651 esse·

203 3688 256 3753 rit.
308 3688 382 3772 Ego
410 3695 522 3754 tumen
549 3687 679 3753 Aurelii
705 3688 853 3754 Victoris
876 3707 964 3771 opus
988 3687 1195 3765 crediderim,
1223 3685 1305 3756 licet

203 3788 293 3856 forte
317 3790 425 3857 multe
448 3810 493 3857 ex
520 3789 656 3874 Nepote
681 3788 799 3859 Victor
813 3788 1029 3872 excerpserit.
1073 3786 1183 3851 Etiam
1198 3786 1305 3855 Doro-

201 3898 272 3957 tem
287 3890 470 3977 Phrygium
493 3911 515 3957 a
535 3891 670 3976 Nepote
694 3892 893 3957 translatum
917 3890 1054 3973 quidem
1080 3889 1307 3972 arbitrantur3

201 3992 297 4075 quod
310 3997 421 4058 nmen
434 3992 559 4059 fulsum
572 3993 741 4071 existimo,
756 4009 835 4057 cum
858 3991 961 4057 dictio
986 3992 1059 4075 ejus
1079 3989 1304 4078 Augustorum

201 4112 325 4173 sevum,
340 4114 409 4179 quo
422 4100 570 4179 tempore
584 4096 721 4188 scripsit
740 4093 874 4177 Nepos,
887 4094 1022 4157 minime
1036 4094 1158 4177 sopiat.
1203 4090 1252 4157 Ut
1263 4098 1304 4157 ut

198 4193 261 4273 sit,
275 4194 359 4261 illud
372 4214 474 4261 unum
488 4202 614 4264 cenum
629 4200 691 4275 est,
717 4192 810 4281 quod
824 4192 954 4263 scilicet
966 4193 1041 4262 hee
1055 4192 1170 4268 omnio
1184 4190 1305 4286 Nepo÷
