3059 4867
490 392 683 443 rannerus
705 394 736 445 J.
759 395 792 445 r.
814 392 1001 445 arscunar.
1269 378 1294 447 d

199 535 281 623 qnid
295 540 450 622 putemus
463 534 533 601 lieri
543 554 646 620 posse
659 534 803 615 facilius,
817 554 920 623 qnam
933 540 970 601 ut
982 537 1128 603 obscura
1150 534 1291 604 stultitia

199 640 335 707 istarum
350 646 514 718 notarum,
523 661 610 724 oues
624 640 706 712 nihil
727 643 836 707 minus
861 660 962 725 qnam
975 643 1177 708 sententiam
1188 643 1290 709 libro·

199 762 274 807 rum
300 742 464 826 aperiant,
480 742 668 826 rejectiet
689 742 833 809 deterriti
846 743 1091 823 adolescentes,
1105 730 1292 829 prasertim

199 843 422 927 capitaliores,
434 846 556 909 mteruo
566 842 734 909 literarum
744 842 938 921 Intinarum
945 844 1121 929 capiantur
1128 845 1266 911 fastidm
1274 846 1298 935 t

199 943 331 1011 Deinde
345 944 376 1009 si
390 945 492 1010 verba
504 944 690 1011 lectissima
703 950 737 1011 et
745 944 948 1010 nitidissima
959 951 994 1012 et
1006 946 1186 1030 purissima
1197 952 1293 1015 vete-
1324 967 1329 973 ·

198 1044 560 1129 rum-signariusimss
583 1048 767 1131 gratiaque
790 1046 1005 1131 plenissimas
1027 1048 1220 1128 autentim,
1242 1050 1302 1115 νίν

198 1147 298 1213 deant
323 1148 433 1213 verbis
457 1153 526 1215 tsm
547 1148 688 1232 impuris
712 1154 752 1215 et
770 1148 920 1215 sordidis
945 1154 981 1215 et
1003 1150 1196 1233 inquinatis,
1224 1156 1295 1217 tam

197 1249 340 1333 &jectis
359 1249 547 1334 et·:ineptis,
571 1254 641 1317 tam
663 1250 845 1317 inconditis
869 1256 903 1316 et
921 1270 962 1315 ne
986 1250 1117 1317 bannis
1141 1251 1296 1335 quidem„

198 1338 337 1416 obrutas
351 1350 476 1417 efferri:
498 1370 606 1417 nonne
619 1352 773 1419 videatur
785 1370 862 1417 essa
876 1352 1083 1419 vehementer
1095 1353 1290 1431 timendum,

196 1469 240 1515 ne
253 1452 377 1521 tirones
401 1454 514 1522 latini
538 1454 697 1519 sermonis
717 1454 923 1519 deducantur
939 1473 999 1533 eo,
1014 1459 1051 1519 ut
1064 1453 1106 1519 de
1118 1455 1196 1539 ipsa
1209 1456 1290 1521 doc·

196 1554 281 1619 trina
292 1553 530 1639 elegantiaque
546 1556 742 1639 scriptorum
768 1556 888 1620 aanfire
904 1557 1047 1620 teuniter
1057 1556 1217 1641 *maleque
1231 1575 1295 1621 ex-

197 1654 345 1725 istimare
364 1658 552 1741 incipienti
597 1656 689 1737 Cum·
705 1678 806 1743 porro
830 1656 1035 1723 blinamma»
1051 1657 1293 1741 interpretandi

197 1758 283 1825 ratio
298 1758 343 1823 sit
364 1758 538 1843 ejusmodi,
559 1763 600 1825 ut
619 1759 675 1824 vel
694 1760 887 1825 tardissima
908 1778 984 1825 cam
1005 1758 1136 1841 ingenia
1160 1760 1293 1843 possint

197 1860 365 1925 mensium
384 1860 475 1926 baud
490 1862 672 1937 ‚multorum
691 1862 803 1946 spatio
817 1862 970 1946 assequi:
991 1880 1096 1926 nonne
1109 1862 1292 1947 periculum

197 1976 273 2029 esso
286 1961 494 2039 arbitremur,
508 1960 706 2029 nefandius
723 1962 901 2028 amarandi
915 1963 1039 2046 scripta
1051 1970 1201 2027 veterum
1220 1981 1292 2027 om-

197 2060 263 2139 nis,
280 2080 358 2147 qum
372 2068 441 2127 tam
455 2062 568 2129 facile·
582 2062 713 2127 scilicet
736 2068 771 2127 et
791 2063 865 2127 sine
876 2063 955 2128 ullo
974 2062 1109 2145 negotio
1124 2064 1234 2146 parari
1248 2064 1292 2127 ab

198 2162 376 2244 mjusliuet
399 2163 523 2247 ingenii
545 2163 735 2229 bominibus
758 2162 878 2247 possit,
903 2166 1156 2234 contemnaturt
1186 2182 1293 2230 noune

198 2264 299 2332 ualde
327 2266 538 2332 metuendum
562 2266 618 2344 sit,
637 2285 680 2330 ne
703 2264 935 2343 Grammatioi,
948 2266 1292 2356 odorumdoctrina,

196 2368 295 2435 monti
308 2365 785 2445 Grammatistarum,scientia
795 2367 948 2451 ¹vulgaris
963 2366 1201 2434 Grammaticos
1217 2369 1292 2435 sola

197 2468 351 2553 uideatur
376 2469 550 2546 contineri,
569 2467 681 2551 ‚inepti
702 2467 918 2545 bominesab
937 2467 1061 2557 ineptis
1085 2468 1292 2553 indoctisque

197 2569 374 2652 Tigelliis⁸
394 2571 564 2637 foranturl
596 2587 702 2635 nonne
726 2568 971 2635 consuamus
997 2589 1032 2635 re
1056 2569 1223 2655 juientuti
1247 2569 1292 2635 ad
1373 2602 1377 2607 ’

196 2672 442 2755 uogbgsntiam,
457 2670 502 2737 ad
524 2670 700 2749 desidiam,
722 2668 768 2734 ad
789 2670 964 2754 pigritiem,
990 2671 1138 2754 patelieri
1156 2690 1293 2759 censoru,

197 2775 303 2842 nusi·
335 2794 447 2849 nonne
473 2792 552 2839 vero
577 2772 665 2837 tristi
689 2772 896 2857 superiorum
918 2778 1102 2856 temporum
1132 2773 1294 2854 memoria

191 2876 356 2947 admoniti
368 2896 550 2956 vereamur,
564 2895 607 2939 ne
618 2874 859 2953 Grammatico,
872 2874 939 2940 boo
953 2881 1016 2953 est,
1029 2874 1085 2940 ars'
1098 2875 1293 2961 disciplina·

198 2996 263 3061 que
274 2976 514 3061 interpretandi
535 2981 664 3041 veteres
684 2980 838 3044 auctores
851 2993 930 3041 vcra
944 2982 978 3041 et
990 2982 1093 3055 recta,
1105 2977 1290 3059 neglectum

197 3077 333 3163 taudem
346 3080 444 3145 istum
470 3079 733 3165 despectumque
758 3076 928 3161 indignum
951 3076 1004 3144 sui
1026 3077 1136 3145 nltura
1150 3080 1293 3161 graviter

198 3189 233 3245 et
242 3181 450 3247 vindicatura
458 3182 505 3247 sit
518 3180 664 3247 omnium
677 3178 930 3263 disciplinarum
940 3180 1100 3245 bonarum
1114 3184 1148 3244 et
1160 3180 1291 3257 aruum,

198 3288 297 3367 atque
310 3284 479 3369 religionis
499 3280 584 3346 adeo
602 3282 741 3363 integrae
754 3298 818 3345 nec
828 3281 1064 3347 contaminatae
1079 3280 1200 3360 omnis,
1213 3280 1294 3365 fuga

194 3385 317 3469 mucra
338 3392 441 3469 atque
462 3385 632 3471 repentino
653 3383 812 3450 interitui
836 3380 937 3480 ¹Quo
955 3382 1075 3465 magis,
1098 3402 1174 3447 cum
1196 3382 1292 3451 odor-

197 3486 310 3553 nanda
339 3492 417 3552 erat.
434 3506 522 3553 nova
549 3484 706 3552 Vitorum
731 3472 972 3567 elegantissimi
1001 3482 1148 3568 Nepotis
1176 3484 1292 3565 editio,

197 3588 389 3653 faciundum
401 3587 531 3672 putari,
545 3593 584 3651 ut
597 3587 695 3651 uotis
703 3586 920 3665 Stubelianis,
931 3585 1093 3671 pestibus,
1107 3591 1146 3650 ut
1159 3587 1293 3652 demon-

197 3692 312 3769 stravi,
335 3690 503 3773 literarum
523 3686 733 3773 capitalibus,
755 3689 923 3773 pulsie‘et
938 3693 1099 3773 tauquam
1116 3687 1293 3772 jugulatis,

196 3792 395 3859 rodvisnae
414 3792 565 3876 juberem
579 3809 620 3856 ac
634 3788 739 3858 redire
753 3809 824 3868 eas,
839 3790 962 3872 quibus
973 3790 1168 3875 planissime
1183 3789 1294 3883 decla·

196 3900 335 3975 caretur,
349 3913 451 3979 quam
464 3893 562 3978 longe
583 3892 717 3975 lateque
739 3896 871 3977 pateret
884 3891 1035 3957 docmina
1049 3890 1293 3957 Grammatico·

688 4089 799 4144 Now

488 4238 501 4268 ¹
518 4238 551 4290 V.
559 4224 617 4289 ilie.
629 4236 669 4323 ad¹
679 4221 795 4291 diiecto·
814 4251 863 4290 vu.
876 4236 954 4304 aptat.
964 4240 1005 4290 tt.
