3059 4867
539 385 775 439 raaonanra
799 387 889 438 xrn.
1196 371 1266 439 396

163 533 276 602 venire
301 532 338 598 ia
366 533 532 614 anirnurn3
559 539 606 611 et,
628 533 659 597 si
673 549 881 618 perseveras,
902 550 1017 598 vereor
1037 532 1101 598 in¹⁹
1134 553 1263 601 ornnem

163 639 267 704 vitam
285 642 414 702 tantum
425 636 550 702 laboris
571 636 674 721 culpa
686 641 746 700 tna
757 635 913 719 recipias,
930 635 986 706 ‚nti
1015 636 1051 700 in
1071 635 1163 702 nullo
1183 642 1264 702 tcm-

164 758 247 827 poro
271 743 342 805 tnta
361 738 425 804 tibi
446 739 581 824 placare
595 739 721 824 possis.

169 922 387 1092 Cicomflius
415 921 517 1012 Nepos
542 927 576 992 r'a
605 925 684 992 libro
710 925 749 990 de
778 923 929 992 historicis
960 921 1085 990 Latinis
1113 922 1150 990 de
1172 923 1282 990 laude*

198 1047 337 1093 aeroma.

168 1199 256 1248 xtu.
274 1158 381 1260 ,Non
406 1182 555 1264 ignorare
582 1182 695 1261 debes,
722 1203 824 1249 unum
850 1185 917 1250 hoo
942 1203 1048 1268 genus
1075 1183 1281 1260 Latinarum,

166 1286 332 1353 literarum
357 1285 467 1350 adhuc
496 1303 565 1376 non
589 1285 687 1350 modo
713 1305 781 1350 non
805 1286 1004 1370 respondere
1028 1285 1184 1363 Graeciae,
1206 1283 1266 1348 sed

167 1387 301 1452 omnino
326 1383 409 1448 rude
437 1389 538 1469 ‘atquc
559 1385 752 1451 inchoatum
779 1395 884 1452 morte
906 1386 1079 1454 Ciceronis
1102 1388 1266 1452 relictum.

168 1487 232 1555 llic
246 1489 334 1553 enim
348 1487 412 1553 suit
426 1506 524 1562 unua,
539 1487 597 1571 qui
613 1488 760 1571 potuerit
774 1495 807 1552 et
819 1489 918 1554 etiarn
933 1487 1084 1553 debuerit
1096 1487 1267 1554 historiam

168 1587 268 1674 digna
284 1609 369 1656 voco
382 1591 616 1673 pronuntiare:
632 1589 759 1673 qnippe
773 1589 832 1672 qui
847 1589 1027 1654 oratoriam
1041 1589 1267 1673 eloquentiam

168 1692 284 1759 rodem
293 1713 315 1759 a
324 1692 505 1779 majoribus
520 1696 692 1775 acceptam
700 1689 929 1776 perpoiiverit,
936 1689 1181 1775 philosophiam
1190 1695 1267 1755 anta

169 1815 247 1860 oum
264 1795 443 1860 incomtam
466 1792 622 1858 Latinam
646 1811 709 1858 sna
728 1791 981 1857 conformaverit
1006 1794 1167 1858 oratione.
1211 1789 1267 1854 Ex

167 1915 237 1982 qno
264 1894 392 1974 dubito,
419 1894 551 1959 interitu
576 1893 652 1979 ejus
683 1901 797 1962 utrum
821 1913 873 1958 res
898 1895 1035 1980 publica
1057 1914 1101 1960 an
1125 1892 1267 1960 historia

169 1997 279 2082 magis
297 1997 422 2062 doleat.

213 2099 384 2185 Locuples
412 2117 454 2164 ac
483 2097 598 2163 divina
626 2103 757 2178 natura,
781 2115 848 2183 qno
877 2097 1036 2183 majorem
1064 2098 1116 2164 sni
1139 2105 1270 2184 pareret

170 2201 429 2278 admirationem,
450 2199 748 2285 ponderatioraqne
762 2217 826 2266 soa
841 2207 954 2266 assent
966 2200 1138 2279 beneficia,
1160 2217 1269 2282 neque

169 2303 227 2368 nni
254 2302 365 2366 omnia
393 2299 487 2382 dare,
518 2319 580 2367 nec
606 2320 722 2368 rursus
750 2301 905 2387 cuiqnam
934 2301 1045 2368 omnia
1075 2301 1183 2368 voluit
1211 2318 1269 2364 no·

171 2402 274 2488 gare]

641 2536 743 2558 0000000
746 2535 820 2558 meo

171 2640 197 2686 t.
208 2633 256 2685 reci
273 2633 410 2698 onirsorqi
423 2649 461 2685 er.
480 2633 615 2698 [Rotgerr.
633 2632 763 2697 emendat,
774 2638 799 2684 te
816 2648 843 2683 eo
858 2647 1013 2697 pmeoemro.
1047 2632 1082 2683 Et
1093 2631 1197 2682 rtatim:
1209 2635 1236 2682 ta
1246 2637 1271 2682 ta

172 2699 219 2750 tibi
226 2700 322 2764 picam
331 2701 420 2763 ponis:
435 2700 564 2765 quomodo
581 2699 708 2749 Horatios
723 2699 809 2763 Epist.
824 2711 844 2748 ι.
857 2703 897 2750 18.
913 2695 992 2763 ‘qnid
1004 2703 1032 2747 ta
1043 2696 1092 2747 tibi
1103 2696 1196 2747 reddat
1207 2695 1271 2748 ami·

173 2763 250 2816 earn?
281 2763 399 2815 Alteram
415 2771 503 2814 tamen
515 2765 623 2814 Plantas
633 2762 721 2813 tinum
732 2763 817 2824 Parra
826 2777 845 2814 r.
861 2767 885 2812 l.
898 2766 938 2814 ιο.
956 2761 1002 2812 ‘Si
1011 2766 1067 2812 tute
1079 2759 1127 2812 tibi
1136 2761 1203 2814 bene
1214 2775 1271 2814 erre

173 2836 248 2894 poter
259 2827 412 2896 patin-10
431 2825 519 2881 Vereor
527 2844 558 2879 aa
568 2826 924 2882 numantinorum.

434 3440 531 3497 mus
547 3437 657 3490 CORN.
674 3437 830 3490 aaronis
851 3437 1018 3490 OPERUM·
1113 3501 1119 3508 1

545 3559 913 3598 Ἦ
