3059 4867
422 1082 782 1219 SERENISSIMQ
822 1094 1063 1174 PRINCIPI

302 1384 379 1503 'D
436 1288 716 1527 EL'P
746 1303 936 1505 „HI
975 1308 1249 1509 “N'Oss‘
1303 1424 1325 1505 ς

204 2150 240 2238 J
242 2190 438 2240 nnnuuorr
468 2172 589 2261 injurio
618 2180 805 2259 temporum
839 2174 956 2241 Putria
987 2193 1051 2241 suu
1081 2174 1214 2259 profugi
1238 2174 1303 2241 viri

205 2278 306 2341 totius
320 2274 539 2359 Antiquitatis
561 2275 778 2342 illustrissimi
800 2283 873 2342 toto
898 2278 977 2342 orbe
991 2281 1149 2342 terrerum
1162 2277 1303 2342 circum·

206 2378 362 2461 spiciunt,
381 2376 427 2441 nd
448 2396 545 2459 quem
559 2377 739 2459 confugere
753 2378 897 2461 possint,
913 2377 1107 2444 Priuerno
1122 2377 1304 2442 Snnurus-

207 2492 300 2543 stetu
314 2497 322 2541 :
344 2494 406 2541 nee
416 2476 577 2541 huoteuus
588 2476 687 2541 fucile
697 2478 904 2554 invenerunt,
912 2478 970 2562 qui
981 2483 1017 2543 et
1028 2479 1064 2543 in
1074 2498 1115 2543 eo
1128 2478 1305 2560 dignitatis

205 2584 264 2643 eut
276 2577 452 2661 potestatis
467 2579 794 2661 epicenonstitntus
819 2586 921 2656 esset,
941 2582 1038 2665 enjus
1063 2582 1128 2643 sub
1149 2578 1306 2643 clientelu

209 2680 318 2745 securi
348 2680 573 2761 quiescereut3
606 2682 726 2765 etqui
753 2680 942 2764 linguarum
961 2700 1004 2746 ue
1026 2681 1193 2745 literemm
1220 2679 1304 2743 sutis

208 2782 345 2865 peritus,
359 2785 399 2845 ut
413 2780 452 2845 se
476 2779 767 2865 Romanusliugue
780 2782 951 2864 loquentes
973 2780 1182 2863 intelligeret,
1204 2784 1305 2863 etque

204 2882 368 2953 udeuutes
384 2901 421 2963 se
434 2882 584 2965 benigno
597 2881 691 2949 vultu
705 2883 884 2965 exciperet
927 2882 970 2946 In
982 2882 1034 2947 'l'e
1047 2898 1116 2947 uuo
1128 2888 1305 2967 utrumque

208 2980 344 3045 feliciter
368 2981 552 3058 inveniunt,
580 2981 1104 3061 Pnruunreslnnuuunrssmn.
1148 2983 1200 3048 Te
1218 2984 1307 3049 enim

204 3081 313 3147 ueluti
327 3087 531 3147 nocentem
540 3082 652 3149 Solem
672 3084 853 3161 intuentur,
873 3102 918 3148 ex
932 3083 1168 3169 cnjuslumine
1182 3102 1305 3159 nouum

206 3182 277 3258 ,sibi
291 3182 498 3265 splendorem
513 3182 716 3261 contrahunt,
730 3184 842 3249 etsub
856 3186 954 3267 cujus
967 3184 1057 3249 felini
1071 3190 1212 3269 espeetu
1224 3184 1306 3249 nihil

210 3283 357 3367 emplius
382 3282 602 3349 reformident
622 3310 628 3319 ·
645 3284 690 3349 Se
703 3284 783 3349 Tibi
803 3284 1015 3367 sue‘liuguu,
1037 3285 1117 3351 licet
1135 3290 1308 3362 extrnneu,

211 3404 280 3449 nun
293 3386 405 3449 minus
419 3392 519 3451 notos
533 3390 568 3450 et
583 3384 763 3451 familiares
785 3385 858 3451 fore
872 3385 1055 3464 confidunt,
1071 3404 1171 3470 quum
1186 3386 1217 3450 si
1229 3404 1308 3451 nos

211 3484 454 3551 tmuernuu‘ulu
467 3485 656 3569 loquuntur.
699 3484 911 3565 ExGroeeie,
924 3484 1164 3565 Asin-Sicilie,
1178 3485 1307 3565 Africo,

208 3584 318 3665 ltelin
328 3586 482 3669 profecti,
498 3586 533 3649 iu
547 3583 832 3669 Angustissimem
845 3587 1052 3652 totinsorbis
1061 3584 1186 3653 Aulum
1192 3588 1308 3670 'ingre-

212 3688 357 3767 diuntm,
371 3696 408 3755 ut
422 3689 506 3753 inter
517 3693 593 3754 tuos
615 3686 759 3755 Aulicos
772 3689 868 3774 ipsos
885 3688 1063 3755 admittere
1074 3708 1143 3754 non
1156 3687 1310 3772 dedigne-

210 3790 268 3855 ris
291 3838 295 3853 .
312 3790 379 3856 Sed
389 3790 470 3876 quie
482 3791 569 3857 varii
581 3790 684 3856 vuriis
694 3792 828 3875 linguis,
842 3810 905 3875 pro
913 3791 1087 3875 regionum
1101 3790 1309 3869 divorsitute,

208 3897 402 3974 uterentur3
424 3890 658 3957 Gonunnrurr
680 3890 867 3958 Nurouurr
882 3892 1095 3977 Interpretem
1107 3891 1199 3957 neoti
1221 3899 1310 3972 sunt,

212 3994 311 4077 eujus
323 3994 496 4059 nniusore
505 4013 542 4059 se
556 3992 784 4071 munifeutent,
804 3992 935 4060 verium
947 3996 1029 4060 vitae
1044 4012 1117 4061 sure
1130 3992 1310 4073 fortunam,

82 4146 94 4167 .
210 4100 248 4161 et
260 4094 526 4178 pauonum
547 4102 620 4159 tum
644 4072 726 4163 neu
749 4114 828 4159 oum
848 4094 945 4178 pen
964 4094 1112 4160 faenore
1129 4102 1310 4177 aponus

197 4192 419 4279 'Gmgenites
444 4195 512 4259 sibi
536 4194 723 4275 delminio,
745 4194 894 4261 velutin
921 4195 1127 4281 obsequium,
1150 4194 1309 4261 offerunt:

280 4310 400 4376 nuptu
417 4310 476 4364 Ver.
486 4312 551 4363 cun
749 4310 812 4373 Nep.
1221 4308 1246 4360 Α
