3059 4867
181 286 187 310 ²
246 297 317 366 aeti
613 311 794 368 consumi
819 311 975 364 aaronis

245 459 398 528 deductis
413 460 448 524 in
472 457 690 537 latitudinem,
706 457 1016 542 Comelius'Nepos
1032 475 1064 526 o.
1079 457 1147 526 Mc
1168 458 1210 524 Τ.
1225 457 1348 526 Indus

248 568 313 630 tria
327 563 379 629 Μ.
395 561 599 630 stadiorum:
620 567 754 647 uterque
769 560 911 630 diversis
925 561 960 625 in
973 560 1069 626 locis.
1114 557 1205 625 Ptin.
1221 579 1278 628 ιιι.
1288 561 1346 630 19‘.

241 789 250 808 ·
291 770 382 834 Inter
395 769 482 833 duos
505 768 691 851 Bosporos,
711 765 890 832 'suracim
904 772 940 829 et
953 765 1199 844 Cimmerium,¹¹²
1219 765 1349 833 ᾱίιεάσ

248 891 361 949 cursu,
384 873 422 934 nt
443 876 632 935 auctorest
653 869 831 954 Polybius,
847 887 893 934 ro.
920 867 970 932 M.
991 887 1151 953 passuum
1176 869 1345 936 intersunt

249 972 398 1039 Circuitn
410 993 489 1037 vero
500 975 600 1038 totius
614 971 714 1036 Ponti
727 971 830 1036 vicies
845 971 952 1036 semel
964 972 1345 1056 centenaquinquaginta

251 1075 300 1140 M.
315 1082 351 1140 nt
362 1079 480 1140 auctor
499 1079 550 1141 est
569 1073 691 1151 Varro,
713 1079 748 1138 et
765 1072 835 1136 iere
856 1077 997 1137 veteres.
1040 1072 1157 1154 Nepos
1175 1069 1350 1140 Cornelius

251 1183 392 1243 trecenta
403 1177 511 1242 millia
524 1176 766 1261 qninquap'nta
780 1172 904 1257 adjicit.
949 1168 1037 1238 Plio.
1053 1189 1104 1238 ιν.
1117 1174 1171 1238 12.
1187 1175 1205 1259 §
1219 1175 1275 1239 nl,

294 1280 335 1346 In
349 1296 410 1346 ora
429 1278 570 1358 Oceani,
580 1279 715 1345 colonia
733 1276 890 1360 Augusti,
904 1275 926 1341 J
929 1275 1000 1341 ulia
1014 1275 1225 1356 Constantia,
1238 1279 1297 1342 irc.
1312 1279 1346 1344 et

251 1385 295 1448 ab
315 1403 357 1448 ea
380 1399 514 1449 xxxu.
540 1381 591 1446 M.
614 1403 709 1468 pass.
729 1380 864 1446 colonia
887 1398 908 1444 o
931 1379 1073 1446 Claudio
1089 1377 1224 1444 (lassare
1242 1379 1346 1460 scota,

251 1485 369 1551 Lisos.
423 1487 477 1552 Ibi
507 1487 598 1570 regia
627 1484 755 1562 Antei,
779 1489 1008 1567 certamenque
1030 1501 1106 1546 cum
1130 1479 1292 1561 Hercule,
1313 1487 1347 1546 et

252 1588 482 1671 Hesperidum
497 1587 610 1666 Horti,
623 1592 684 1652 &c
727 1585 833 1652 Extat
852 1587 887 1650 in
904 1603 945 1649 ea
966 1589 1000 1648 st
1020 1603 1079 1650 era
1097 1583 1269 1663 Herculis,
1281 1594 1355 1649 nec

252 1697 375 1774 praeter
399 1692 565 1757 oleastros
589 1689 681 1756 alind
714 1709 759 1756 ex
783 1695 917 1754 narrato
946 1687 1005 1752 illo
1033 1685 1172 1752 aurifero
1199 1701 1353 1752 nemore(

252 1793 369 1858 Minus
383 1794 531 1878 profecto
544 1795 699 1860 mirentur
718 1797 907 1876 portentosa
928 1787 1072 1854 Graeciae
1094 1788 1283 1866 ιιιοιιάιιοίιι,
1304 1788 1349 1852 de

252 1897 296 1960 iis
310 1901 344 1959 et
358 1913 454 1960 amne
468 1895 558 1959 Lixo
571 1895 729 1979 prodita,¹¹
743 1893 800 1974 qui
812 1893 971 1974 cogitent,
982 1896 1115 1956 nostros
1128 1909 1232 1976 nuper
1245 1889 1345 1974 paulo

252 1998 360 2062 minus
374 1995 578 2060 monstrifica
591 1994 744 2077 quaedam
770 1992 812 2056 de
833 1992 954 2058 iisdem
974 1991 1170 2058 tradidisse:
1191 1993 1347 2077 praevali·

255 2099 333 2166 dam
345 2100 432 2164 hunc
443 2096 584 2176 urbem,⁰
596 2094 822 2178 majoremque
838 2092 1038 2178 Carthagine
1050 2111 1188 2178 magun
1210 2101 1349 2178 prater.

254 2219 297 2270 cs
318 2220 364 2264 ex
387 2200 528 2264 adverso
554 2196 628 2281 ejns
651 2196 778 2276 siuns
800 2203 835 2260 et
856 2215 962 2281 propo
983 2199 1147 2264 immenso
1172 2203 1280 2263 tractu
1297 2197 1349 2266 *ab

742 2391 852 2448 NO'l'AE

251 2523 325 2561 verso
342 2508 441 2571 impetn
462 2507 488 2556 in
508 2507 644 2558 Orientem
661 2507 758 2561 abeam
767 2527 776 2571 ,ς
818 2507 967 2576 prodidere.
1000 2511 1082 2560 Porro
1100 2510 1138 2562 illi
1155 2511 1223 2560 horti
1239 2525 1261 2560 a
1273 2509 1351 2577 Virgo

250 2584 409 2648 direptisque
419 2583 521 2648 populis
531 2583 777 2652 romanamque
818 2593 847 2636 et
864 2585 934 2636 Plio.
952 2583 1134 2637 deseribuntur
1152 2585 1178 2636 in
1191 2585 1348 2637 Mauritania

249 2661 277 2711 ia
285 2659 419 2710 thraciam
431 2660 586 2723 penetrant!
817 2664 960 2727 tingitana
975 2678 1057 2728 prope
1076 2663 1187 2725 Lixnm;
1204 2675 1348 2729 quanquam

281 2743 300 2769 ¹
314 2736 383 2785 ister
399 2738 457 2786 daos
468 2736 593 2801 Barpana
613 2739 740 2789 straden
753 2744 778 2788 et
818 2739 887 2790 idem
895 2739 964 2790 Plio.
976 2748 1004 2790 et
1015 2740 1349 2790 Ptolem.eoseomtitnont

251 2810 476 2876 charisma]
500 2813 559 2861 Dno
571 2821 631 2862 sunt
642 2815 780 2877 Bosphori,
819 2815 846 2864 in
864 2815 1039 2879 Pentapoleos
1056 2815 1171 2878 regione,
1187 2815 1253 2864 omni
1266 2814 1349 2864 arbo·

249 2887 318 2938 alter
329 2887 408 2950 justa
425 2885 588 2949 Byzantinos,
606 2888 650 2953 qui
661 2897 689 2939 et
699 2889 779 2939 anr·
819 2906 875 2943 rom
887 2907 983 2958 genere
1002 2893 1122 2952 refertos,
1135 2893 1162 2942 in
1179 2893 1271 2957 qnibps
1281 2891 1349 2944 mals

249 2962 305 3011 eins
316 2961 619 3026 dicitnr,ertqneostinm
630 2966 720 3029 Ponti,
731 2981 779 3031 per
819 2975 894 3017 erant
905 2981 1011 3019 aureae
1023 2967 1147 3019 Dracone
1165 2968 1284 3033 pervigili
1294 2983 1349 3018 sen·

248 3037 318 3104 quon
329 3037 356 3086 io
367 3039 553 3102 Propontidem
570 3039 664 3106 influit,
680 3044 779 3094 dictum
820 3050 889 3102 rata,
901 3057 977 3107 quem
996 3043 1123 3094 Hercules
1135 3041 1299 3096 interfecisse
1310 3043 1353 3104 tii-k

248 3113 392 3177 strajecru
409 3115 481 3166 doris
500 3117 526 3166 in
547 3117 639 3169 bovem
657 3119 779 3172 transfor·
819 3119 897 3170 citur.
929 3119 997 3170 Vide
1015 3121 1093 3184 plura
1108 3120 1177 3185 apud
1192 3121 1307 3172 Solinum
1321 3125 1352 3172 et

247 3189 321 3242 mati.
368 3191 437 3242 Vide
463 3193 550 3245 Valer.
569 3195 656 3248 mm.
681 3197 779 3262 Argon.
818 3193 888 3246 Piin.
899 3195 942 3260 qni
954 3194 1092 3246 draconem
1107 3194 1175 3246 hune
1185 3211 1233 3246 ceu
1243 3211 1350 3260 serpen·

247 3264 292 3316 lib.
303 3281 341 3316 ιν.
374 3267 450 3318 Alter
468 3278 509 3320 est
527 3271 675 3336 Bosphorus
694 3273 720 3323 in
740 3275 778 3324 in·
819 3275 872 3319 tem
891 3270 1098 3333 interpretantur
1114 3270 1348 3324 inuetitumiunr

248 3340 328 3391 troitu
337 3343 467 3394 Moeridis
480 3345 596 3409 Paludis,
607 3363 654 3411 per
665 3364 740 3414 quern
751 3351 778 3400 in
817 3345 905 3406 maris,
919 3355 1006 3397 meatu
1024 3345 1149 3398 fluctuoso
1167 3349 1249 3398 instar
1259 3349 1353 3409 draeo,

248 3417 361 3466 Pontum
379 3417 478 3468 delinit.
511 3420 590 3472 ouo.
610 3426 778 3489 ‘Bosphorus
819 3421 1042 3488 nis,quodlrortos
1053 3423 1228 3487 Hesperidum
1239 3425 1351 3490 amplae·

248 3497 277 3540 et
286 3492 380 3542 Tanais
392 3503 523 3558 superant,
531 3499 695 3564 Scythiaeque
706 3503 777 3566 palu·
819 3497 930 3547 tebatnr.

247 3567 313 3620 der:
344 3569 396 3620 Hie
416 3573 493 3621 etiarn
511 3573 778 3642 Cimmerinsdicitnr‚
849 3575 1208 3640 “Prmiidenhnctttbtm
1226 3577 1281 3643 dn]
1304 3577 1353 3631 Nio

248 3644 419 3698 scimmeriis
431 3648 540 3710 populis,
556 3658 655 3710 partem
667 3654 723 3715 ejas
733 3654 778 3705 iri·
817 3648 909 3699 mirum
923 3651 1015 3715 naor,
1025 3667 1084 3702 nrm
1098 3659 1127 3702 et
1143 3653 1225 3720 amni
1240 3661 1269 3706 et
1279 3655 1349 3706 urbis

248 3720 599 3788 ginuimanineolentibns.
622 3728 777 3781 videovtd.
817 3739 911 3775 nomen
932 3732 991 3788 err,
1015 3736 1044 3777 nt
1066 3742 1099 3778 ex
1116 3728 1156 3778 hir
1177 3736 1251 3792 petet
1270 3729 1350 3781 Plinii

248 3797 282 3848 de
293 3799 387 3851 Ponto.
819 3801 920 3852 verbis:
944 3803 985 3852 ‘A
999 3804 1106 3855 Claudio
1125 3807 1230 3857 Cerere
1249 3807 1353 3858 colonis

279 3882 293 3908 ⁸
319 3879 402 3928 Missa
422 3878 525 3942 rosseto
544 3881 660 3930 scirentur
683 3887 778 3946 postea·
817 3876 889 3938 iners
900 3879 995 3942 Lixos3
1013 3883 1054 3930 vei
1065 3881 1251 3934 fabulosissime
1261 3883 1294 3935 ab
1305 3899 1349 3934 an·

247 3955 300 3999 toas
317 3952 418 4003 Groeeioe
434 3955 562 4017 munio,
578 3958 607 4006 de
625 3957 656 4006 iis
671 3964 695 4007 et
708 3973 779 4008 me
818 3959 1018 4023 tiquisnarrata.
1036 3960 1077 4010 lbi
1090 3962 1173 4026 Regia
1184 3962 1350 4026 Μικίψα·
1370 4018 1373 4022 ,

247 4025 311 4080 Hm
332 4030 436 4090 pano,
455 4031 509 4094 tre]
542 4033 612 4083 Nihil
634 4035 724 4084 sanius
749 4043 778 4086 et
819 4040 957 4098 temenqne
975 4050 1034 4086 cnm
1045 4037 1172 4102 iiereule,
1182 4045 1210 4088 et
1225 4039 1352 4103 nuperi,

246 4099 396 4152 wdecim
426 4105 477 4155 iilis
506 4106 610 4170 iniciis,
626 4123 685 4173 que
711 4109 778 4159 Hes·
817 4111 973 4174 dumhorti!
1107 4144 1112 4152 ·

271 4174 353 4239 *rides
372 4177 506 4244 Nymphas
530 4190 665 4236 eteorum
686 4186 776 4236 hortos
850 4189 1350 4262 iudanoma-rmum
