3059 4867
537 406 587 458 nn
610 406 801 457 consumo
823 398 983 457 essars.
1250 374 1304 461 ”w

194 552 400 631 ,voluerunt'
446 551 580 635 ,Profert
596 558 629 617 et
643 552 853 630 Priscianus,
869 552 929 616 lib.
945 566 1026 615 vm.
1049 551 1131 617 illud
1146 572 1192 617 ex
1206 555 1303 638 epist.

191 658 379 725 ·Giceronis
393 658 435 721 ad
450 656 636 740 Nepotem:
659 659 670 689 ‘
688 655 767 719 Hoc
783 657 949 721 restiterat
963 656 1072 733 etiam,
1085 663 1124 723 ut
1137 677 1158 721 a
1172 663 1205 723 te
1215 659 1304 725 fictis

193 760 405 843 aggrederer
422 756 537 821 donis.²
584 755 780 841 Aggrederer
792 758 929 840 passive
943 755 1039 835 dixit,
1053 759 1160 841 inquit
1183 760 1305 827 Prisci·

208 880 304 927 anus.
347 860 392 925 Et
406 858 487 925 illud
501 858 647 945 ejusdem
663 858 707 923 ad
721 859 877 922 eundem:
899 857 993 938 ‘Qui
1005 860 1118 939 babet,
1132 861 1219 927 ultro
1243 883 1305 947 ap-

117 1004 119 1009 ·
208 965 352 1046 petitnr3
375 962 433 1045 qni
448 967 498 1025 est
520 978 661 1045 pauper,
677 958 892 1043 aspernatur.'
928 959 1006 1024 Fuit
1019 968 1131 1025 autem
1145 963 1233 1028 Padi
1248 962 1306 1031 ac'·

210 1065 296 1142 cola,
311 1070 348 1129 ut
358 1064 447 1129 idem
461 1064 546 1127 Plin.
562 1068 711 1141 testatur,
726 1064 784 1126 lib.
794 1078 849 1128 ιιι.
864 1082 940 1147 cap.
948 1062 1000 1128 18.
1044 1064 1100 1127 Ex
1114 1084 1182 1149 qno
1195 1062 1306 1133 Auso-

207 1168 282 1231 niue
295 1186 370 1231 eum
383 1166 417 1230 in
430 1163 545 1229 Gallia
555 1162 638 1229 iacit
650 1182 727 1229 esse
742 1170 867 1242 natum,
882 1166 1029 1249 epistola
1043 1166 1086 1230 ad
1100 1166 1305 1249 Drepanium

197 1268 326 1345 -iilium,
342 1274 485 1350 quaeest
500 1266 613 1331 urdine
634 1280 745 1330 xxrv.
764 1265 819 1330 bis
833 1266 957 1343 verbis,
979 1286 1057 1350 quas
1078 1287 1120 1331 eo
1149 1267 1305 1334 libentius

196 1372 410 1447 adscribam,
425 1370 517 1454 quod
538 1388 655 1433 versus
672 1390 741 1434 non
761 1370 936 1452 satissunt
949 1369 1126 1447 emendati,
1148 1372 1250 1435 etiam
1270 1372 1307 1435 in

195 1474 354 1539 editione
362 1470 591 1555 Christophori
604 1470 760 1547 Plautini,
770 1470 898 1553 alioqui
907 1470 1107 1555 typographi
1118 1470 1306 1554 diligentis3

199 1592 318 1659 neque
332 1580 439 1639 tamen
460 1574 617 1657 ,spondeo
638 1594 690 1637 me
705 1573 769 1637 tibi
787 1573 891 1637 multo
912 1572 1154 1637 emendatiores
1168 1574 1307 1641 traditu·

197 1694 300 1741 -rurnz
324 1675 412 1740 ‘Cui
424 1674 513 1740 douo
527 1674 676 1759 lepidum
689 1692 818 1739 novum
827 1673 1002 1739 libelluml
1033 1672 1242 1739 Veronensis
1256 1676 1307 1740 ait

197 1776 312 1863 -poiita
327 1776 506 1860 quondam,
525 1775 732 1860 Inventoqne
753 1775 847 1841 dedit
868 1775 980 1840 statim
995 1775 1133 1859 Nepoti.
1177 1774 1224 1841 At
1243 1796 1307 1841 uos

200 1878 394 1962 illepidum,
409 1878 521 1945 rudem
536 1878 696 1955 libellum,
713 1876 850 1954 Burras,
866 1877 1078 1960 quisquilias,
1094 1878 1306 1962 ineptiasque

209 1979 390 2045 Credamus
406 1980 532 2062 gremio
544 1982 598 2045 cui
608 1975 815 2045 fovenduml
839 1978 968 2056 Inveni,
983 1978 1112 2061 trepide
1127 1978 1221 2043 silete
1235 1998 1307 2044 rer·

200 2081 280 2147 -sus'
294 2081 376 2167 (vel,
389 2089 427 2147 ut
440 2083 566 2147 mavult
580 2082 648 2165 legi
664 2080 716 2146 Cl.
731 2081 918 2158 Puteanus,
941 2080 1059 2163 trepide
1072 2078 1161 2144 silete
1172 2090 1256 2158 note,
1269 2090 1308 2148 ut

200 2202 270 2267 -per
283 2192 392 2247 uatum
413 2184 534 2249 librum
555 2204 652 2249 snum
674 2183 848 2266 significet,
872 2202 1016 2267 eumque
1037 2184 1087 2247 sic
1107 2182 1308 2266 alloquatur,

211 2290 247 2351 ut
260 2304 384 2370 parens
393 2286 517 2366 dlium3
541 2286 633 2369 quod
660 2288 689 2351 si
714 2285 928 2368 recipiamus,
954 2286 1066 2349 malim
1088 2285 1166 2367 legi,
1190 2282 1308 2370 trepide

210 2384 296 2451 silete
309 2387 407 2465 uoti),
424 2390 434 2420 ‘
447 2386 481 2452 N
482 2406 520 2452 ec
534 2388 671 2453 doctum
684 2390 805 2464 minus,
817 2391 853 2450 et
865 2387 971 2470 magis
986 2387 1175 2469 benignum,
1197 2381 1309 2467 Quam

207 2508 309 2573 quem
325 2488 439 2555 Gallia
451 2492 596 2573 praebuit
611 2489 752 2555 Catullo.
771 2535 775 2543 ·
797 2490 878 2554 Hoc
898 2490 1008 2553 nullus
1022 2490 1103 2553 milri
1116 2488 1226 2555 carior
1240 2508 1308 2554 me-

213 2574 319 2668 orum,
344 2590 455 2668 Quem
471 2592 575 2674 pluris
589 2591 719 2656 faciunt
738 2584 856 2657 norem
873 2609 1018 2666 sorores,
1042 2589 1154 2669 Quam
1169 2598 1308 2656 cunctos

203 2693 309 2771 ¹ulitur,
332 2691 470 2757 Marone
484 2692 602 2757 demto.
646 2691 812 2757 Pacatum
839 2689 929 2755 hand
956 2690 1067 2766 dubie,
1087 2689 1201 2771 polita,
1214 2687 1309 2755 dicis'.
1448 2712 1452 2717 ’

214 2792 295 2876 lpse
307 2800 380 2873 est3
403 2794 567 2878 intrepide
577 2792 686 2859 volate
699 2812 828 2859 versus.
874 2793 1016 2856 Hicvos
1028 2791 1165 2872 diligere
1178 2792 1311 2856 etvolet
1331 2778 1335 2788 ’

213 2897 309 2973 tueri,
324 2894 369 2961 Et
381 2898 491 2961 nudos
502 2898 625 2978 gremio
634 2896 746 2963 iuvere
758 2894 852 2961 tuto.i
891 2894 988 2980 (Hoc
999 2899 1112 2958 autem
1122 2893 1235 2958 ordme
1248 2879 1310 2958 hes

204 2998 388 3080 proximos
403 3017 522 3062 versus
537 3016 612 3063 esse
624 2998 797 3081 legendos,
818 3003 863 3075 et,
877 2992 1062 3083 profonete,
1077 2992 1190 3076 jecere
1212 3014 1311 3081 repo·

215 3097 368 3176 nendum,
392 3099 475 3163 vidit
498 3098 551 3164 Cl.
566 3098 753 3178 Puteanns3
776 3098 863 3163 idern
886 3104 998 3162 tameo
1016 3096 1134 3161 uadum
1148 3096 1312 3182 ingressio

215 3197 308 3280 legit,
324 3206 362 3265 ut
375 3198 478 3265 habet
493 3202 600 3266 editio
616 3198 850 3285 Lugdunensis
863 3207 896 3264 et
910 3200 1082 3282 Antverp,
1104 3205 1142 3262 ut
1153 3204 1313 3280 congruat

208 3319 291 3371 ,cnm
301 3316 384 3365 voco
395 3299 492 3385 unte.)
535 3302 656 3386 Neque
667 3322 749 3369 vero.
760 3320 948 3386 quenquam
958 3300 1205 3377 moveredebet,
1219 3300 1313 3382 quod

217 3399 373 3470 Catullus
394 3402 481 3467 hunc
507 3405 647 3469 eundem
671 3404 839 3488 Nepotem
863 3404 986 3468 Italum
1008 3402 1113 3467 fuisse
1135 3402 1312 3483 significat,

212 3504 332 3587 primis
344 3504 515 3569 versibus:
540 3506 628 3570 'Cui
638 3507 727 3570 dono
737 3504 897 3589 lepidum,
909 3522 1028 3569 uorum
1038 3504 1197 3579 libellum,
1207 3494 1315 3567 Arida

209 3607 316 3671 «modo
339 3609 473 3691 pumice
488 3611 701 3701 ,expoliunt
748 3608 893 3686 Corneli,
917 3608 997 3671 tibi:
1018 3624 1159 3689 namque
1174 3612 1211 3668 tu
1227 3603 1314 3668 sole-

216 3708 279 3771 bas
294 3707 392 3773 Meas
406 3726 480 3773 esse
505 3710 629 3793 aliquid
645 3718 764 3794 putare
780 3730 886 3791 nugas
907 3708 929 3772 J
933 3728 987 3773 arn
1000 3713 1081 3784 tum,
1109 3726 1185 3771 eum
1207 3724 1314 3771 ansus

214 3828 267 3885 es,
283 3828 369 3874 unus
386 3810 558 3888 Italorum,
582 3810 690 3875 Omne
713 3832 821 3877 aevnrn
846 3812 953 3875 tribus
975 3807 1146 3892 explicare
1168 3804 1315 3873 chartis?

208 3907 309 3975 -Nanr
324 3930 383 3975 ora
391 3910 527 3977 Gallica
539 3932 581 3975 ex
594 3912 732 3995 antiqua
743 3911 966 3994 descriptione
974 3910 1019 3973 ab
1030 3907 1175 3974 Ancona
1185 3909 1315 3973 initium

216 4010 324 4090 ducit,
345 4022 379 4076 et
401 4033 506 4097 usque
529 4014 570 4079 ad
595 4014 704 4097 Alpes
727 4015 923 4097 porrigitnr3
945 4016 977 4074 et
990 4016 1101 4074 tamen
1114 4029 1201 4073 nune
1217 4006 1316 4077 ltalia

209 4110 345 4194 dicitnr,
361 4111 521 4201 Italiaque
534 4116 613 4180 olim
624 4114 811 4180 dicebatur.
842 4112 1071 4197 ltaqueetqui
1081 4118 1170 4175 trans
1183 4112 1316 4197 Padum
1351 4154 1357 4165 ·

210 4232 327 4300 usqne
341 4212 386 4282 ad
400 4214 624 4300 Rubiconem,
638 4224 672 4283 et
685 4220 745 4305 qui
758 4219 810 4285 cis
820 4216 955 4288 Padum
968 4213 1134 4303 usquead
1147 4213 1253 4305 Alpes
1266 4213 1316 4280 in·
