3059 4867
246 395 293 461 22
457 410 462 423 ·
613 408 795 460 conanum
818 400 978 461 nsrorrs

244 558 286 620 ιιι
307 554 365 637 qui
386 550 555 634 maxime,
570 546 699 620 amicus
723 546 967 637 familiarisque
987 544 1075 618 mit?
1115 544 1225 619 Immo
1245 532 1345 620 etse·

250 655 394 720 cundum
411 656 581 723 Ciceronis
603 656 713 740 Epist.
737 658 858 721 librum
884 656 928 721 ad
954 654 1122 739 Nepotem
1149 654 1344 722 Macrobius

249 750 494 837 citet,·'Saturu.
517 760 575 823 lib.
605 775 645 822 ιι.
668 760 701 823 1.
725 760 821 843 cujus
842 759 917 822 haec
943 763 1018 824 sunt
1046 760 1165 823 uerba:
1203 755 1343 823 ‘Testis

240 860 338 926 idem
353 859 484 937 cicero,
499 862 557 944 qui
571 862 605 925 in
618 860 703 925 libro
719 858 944 943 Epistolarum
963 857 1006 922 ad
1022 858 1211 924 Cornelium
1225 848 1346 958 Nepo-

241 970 316 1029 -tem
331 961 490 1041 secundo,
506 963 555 1027 sic
570 962 635 1027 ait?
679 963 729 1041 Si,
751 963 878 1044 itaque,
904 959 1076 1025 familiaris
1099 950 1271 1025 Ciceronis
1285 960 1347 1027 fult

250 1063 349 1128 Corn.
365 1064 506 1147 Nepos;
540 1064 569 1127 si
591 1063 633 1128 ad
652 1056 729 1127 enm
753 1060 863 1145 Epist.
877 1060 937 1126 lib
955 1076 995 1125 ιι.
1010 1063 1157 1145 scripsit,
1172 1051 1275 1128 certe
1276 1069 1348 1127 a'm'·

241 1165 311 1230 -bos
326 1166 433 1231 fuisse
452 1160 641 1229 coaetaneos
655 1180 792 1230 necesse
816 1170 889 1228 est.
911 1170 1013 1246 atque
1024 1156 1125 1228 adeo‘
1123 1184 1202 1228 curn
1216 1163 1347 1228 Tullius

238 1268 316 1332 sub
342 1266 449 1333 Julio
461 1274 497 1331 et
517 1266 681 1348 Angusto
691 1260 849 1344 Caesare,
870 1284 978 1347 usqne
1003 1266 1046 1329 ad
1070 1265 1231 1345 Antonii,
1247 1264 1350 1330 Octa'·

249 1370 307 1445 vii,
336 1373 369 1431 et
394 1368 514 1451 Lepidi
536 1368 797 1431 Triumtiratum
819 1365 963 1442 vixerit,
978 1365 1031 1428 his
1059 1386 1190 1449 qnoque
1219 1354 1348 1465 tempo·

249 1470 343 1535 ribus
358 1469 490 1533 Comel-
513 1469 680 1552 Nepotem
696 1468 831 1531 vixisse·
841 1466 1019 1531 dicendum
1033 1473 1096 1532 est.
1143 1458 1241 1532 Adde
1255 1454 1347 1551 quod

251 1568 419 1653 Nepotem
444 1569 630 1652 Augustaeo
654 1588 729 1634 aevo
752 1568 892 1646 obiisse,
915 1568 1049 1632 Plinius
1070 1570 1130 1633 lib.
1146 1586 1201 1633 rx.
1217 1568 1285 1636 aes
1281 1568 1348 1635 his

249 1671 359 1735 verbis
388 1672 550 1736 testatur·
596 1669 764 1753 ‘Nepos
780 1666 967 1746 Cornelius,
1005 1669 1063 1751 qni
1093 1668 1173 1731 Divi
1203 1656 1350 1771 Augusti

251 1772 445 1855 principatu
463 1772 557 1849 obiit,
579 1791 643 1849 me,
660 1771 780 1854 inquit,
792 1766 918 1853 juvene
933 1770 1085 1834 violacea
1097 1790 1243 1853 purpura
1257 1772 1350 1853 vige·

246 1870 330 1937 irat?
374 1871 436 1937 cm
449 1874 597 1955 opinions
587 1872 796 1955 'respondet
816 1869 1008 1936 Eusebius
999 1892 1032 1935 ιιι
1046 1869 1233 1935 chronico:
1254 1870 1350 1937 ‘Oc-

250 1974 376 2038 taviani
392 1974 527 2058 Imperii
542 1993 627 2039 anno
638 1979 769 2058 quarto,
781 1970 982 2058 Olympiade
1004 1987 1148 2036 cxxcv.
1164 1962 1279 2067 (loru.
1273 1970 1351 2038 Ne-

251 2094 316 2159 pos
329 2076 477 2165 Scriptor
499 2076 690 2140 Histericus
712 2076 824 2140 clarus
844 2072 1002 2138 habetur!
1029 2071 1135 2152 ouae
1157 2074 1353 2141 testimonia

250 2178 286 2241 in
313 2194 354 2240 co
382 2177 602 2254 consentiunt,
632 2182 669 2241 ut
698 2176 830 2241 cornel.
863 2174 1032 2258 Nepotem
1062 2172 1199 2253 catulli,
1229 2174 1348 2255 Tullii,
1389 2250 1396 2266 Ι

251 2277 276 2344 J
278 2278 348 2357 ulu
375 2277 576 2360 Octaviique
591 2275 739 2341 Caesaris
755 2283 960 2343 coaetaneum
979 2276 1082 2340 fuisse
1103 2277 1277 2344 manifeste
1291 2298 1351 2345 ex·

252 2380 392 2444 hibeant
1332 2402 1336 2410 ·

294 2477 375 2544 Jam
396 2498 495 2545 unum
517 2480 681 2567 reliquum
702 2478 863 2564 estquod
886 2478 1118 2560 absolvemus,
1140 2486 1188 2558 ut,
1210 2469 1348 2559 scilicet,

254 2586 348 2665 quot,
363 2599 509 2665 quaeque
525 2600 661 2665 operum
676 2600 798 2664 genera
812 2580 986 2646 Cornelius
1000 2570 1116 2646 noster
1129 2581 1256 2660 fecerit,
1271 2580 1352 2665 ap'e-

252 2681 386 2747 riamus.
430 2682 567 2747 Certum
590 2689 640 2748 est
653 2687 781 2762 sutem,
804 2675 925 2767 praeter
948 2682 1085 2747 Librum
1106 2684 1192 2747 hunc
1218 2673 1268 2747 de¹
1281 2684 1353 2749 vita

253 2782 486 2847 excellentium
502 2783 752 2866 Imperatorum,
758 2784 843 2848 alies
853 2784 1042 2867 complures
1051 2774 1238 2868 scripsisse
1253 2802 1352 2883 quos,

254 2882 332 2947 vel
322 2882 450 2947 nucuria
462 2884 631 2949 hominurn
644 2884 725 2948 vel
715 2884 837 2966 injuria
858 2893 1054 2970 temporum,
1071 2887 1254 2952 emisimus.
1289 2874 1352 2951 Ac

253 2984 361 3069 primo
376 2994 441 3047 tres
458 2984 682 3049 Historiarum
697 2986 814 3049 libros
803 2988 949 3069 ,quibus
963 3006 1061 3052 omne
1077 3007 1189 3052 sevum
1204 2999 1354 3085 compre-

253 3084 412 3160 henderit,
437 3084 565 3169 liqnido
590 3092 747 3151 testatur
753 3084 941 3150 catullus·
926 3107 997 3171 Jam
1023 3089 1191 3153 multoties
1217 3079 1352 3167 citatus,

253 3184 348 3249 initio
362 3178 750 3270 Heudecasyllaborum,
755 3206 854 3270 quem
866 3176 976 3256 locum
989 3208 1096 3271 nuper
1108 3179 1331 3255 laudavimus.

429 3287 531 3352 ιΙιιιιι
547 3293 627 3363 tum,
641 3307 727 3351 cum
733 3306 837 3350 ausus
851 3280 888 3351 e's
902 3306 984 3351 unus
1001 3288 1171 3353 ltalorum
1314 3280 1339 3340 'l

450 3386 556 3451 Omne
571 3406 680 3451 aevum
693 3388 799 3450 tribus
812 3388 980 3471 explicare
991 3389 1128 3468 chartis,
1181 3404 1200 3443 ·'·
1222 3404 1238 3439 '·
1310 3378 1341 3443 '3

376 3485 380 3493 '
451 3487 750 3571 Doctis,Jupiter!
773 3480 806 3549 el
821 3482 1032 3565 laboriosis,’
1035 3483 1157 3554 act·
1158 3526 1163 3533 ·

255 3588 421 3666 Secundo,
451 3607 488 3651 se
515 3588 637 3653 librum
663 3587 704 3652 de
731 3586 916 3651 Historicis
939 3586 1071 3653 Graecis
1098 3588 1353 3677 conscripsisse,

254 3690 397 3777 ipsemet
410 3689 443 3752 in
460 3688 569 3752 Dione
592 3688 644 3751 his
666 3688 780 3751 verbis
794 3696 1052 3754 commemorat:
1075 3692 1087 3723 ‘
1101 3689 1171 3755 Sed
1184 3692 1227 3756 de
1241 3692 1306 3759 hoc
1319 3696 1355 3759 ln

256 3794 295 3855 ‘eo
310 3790 484 3855 meolibro
500 3789 596 3870 plura
610 3794 687 3851 suut
708 3790 877 3871 exposita,
892 3792 950 3873 qui
962 3790 1003 3853 de
1015 3789 1200 3857 Historicis
1222 3794 1356 3862 Grecis

256 3880 465 3973 conscriptus
489 3889 562 3953 est?
607 3888 788 3967 Praeterea,
802 3893 982 3974 separatim
997 3891 1113 3958 lib.·de
1136 3896 1272 3961 Catonis
1286 3896 1357 3963 vita

242 3991 433 4074 scripsisse
449 3990 601 4075 ejusdem
616 3992 720 4056 verba
742 3992 904 4070 indicant,
913 3992 986 4077 jam
1001 3994 1036 4056 in
1058 3992 1186 4059 Getone
1200 3997 1355 4080 superius

240 4090 392 4158 'laudata
418 4095 482 4158 sub
511 4094 622 4173 tinem}
664 4092 831 4159 Chronica
858 4094 994 4180 pariter
1011 4096 1203 4178 scripsisse,
1229 4116 1283 4161 ex.
1300 4098 1362 4163 his
1402 4082 1405 4088 ¹

254 4190 492 4274 chfiverm,
510 4195 572 4265 ‘lits
599 4194 697 4263 ιιιίι.
712 4198 779 4267 21.
804 4194 1195 4282 comperimuse'tAnte
1208 4192 1359 4273 itonam
