3059 4867
509 360 559 411 nn
581 356 955 415 consumo-narona.
1045 330 1048 333 ⁹
1232 328 1286 425 ᾗ
1375 341 1377 344 ’
1437 334 1441 339 ’

180 503 236 571 ta.
264 500 470 585 Phocionis3
493 502 548 571 2⁰.
570 506 806 573 Timoleontis.
848 508 937 573 Tum
951 508 1278 593 sequebaturbreris

179 604 294 672 iliade
310 606 460 689 Regibus
475 610 658 693 expositio,
682 612 737 675 cui
751 612 893 677 editores
915 632 1086 677 numerum
1098 612 1153 679 21.
1167 615 1281 699 impo-

180 716 330 785 suerunt,
354 710 434 791 quia
456 728 499 774 ex
522 711 722 793 quibusdam
746 714 781 775 in
809 732 853 778 ea
875 716 1126 780 occurrentibus
1154 716 1278 797 verbis,

180 827 258 893 cap.
274 810 306 874 l.
330 811 401 876 init.
417 817 452 875 et
467 830 543 894 cap.
557 811 589 876 a.
613 813 668 877 tin.
692 816 933 898 conjectarent,
960 817 1049 881 banc
1063 826 1190 901 partem
1201 838 1277 886 esse·

181 912 344 995 synopsin
360 913 506 997 alicujus
522 915 610 992 libri,
639 917 877 1001 quem-Nepos
901 918 945 982 de
966 918 1116 1001 Regibus
1143 926 1202 995 eut
1229 940 1282 987 se·

179 1014 334 1096 paratim,
357 1022 417 1079 ant
439 1017 473 1079 in
496 1016 588 1082 Viris
609 1017 794 1083 illustribus
818 1019 942 1086 fecerit.
986 1021 1158 1106 Deinceps
1180 1023 1280 1088 dede·
1316 1087 1319 1090 ,

178 1120 262 1192 rnnt,
275 1118 460 1199 praeposito
482 1138 617 1183 numero
630 1119 684 1183 22.
709 1122 813 1184 vitam
830 1121 1048 1201 Hamilcaris,
1075 1128 1111 1188 et
1129 1124 1277 1205 taudem,

178 1215 232 1281 23.
245 1217 336 1297 loco,
352 1219 570 1297 Hannibalis,
584 1240 651 1305 qno
663 1221 785 1287 librum
799 1222 986 1289 finiverunt.

221 1318 245 1385 J
247 1339 302 1384 am
317 1340 395 1387 vero
409 1321 465 1385 hic
481 1324 586 1405 primo
596 1322 718 1387 intuitu
730 1341 838 1388 nonne
851 1326 1032 1409 unicuique
1042 1327 1162 1391 mirum
1174 1327 1280 1393 videri

180 1422 334 1500 debebat,
351 1422 431 1505 quid
442 1423 509 1487 sibi
523 1425 593 1487 vita
606 1422 772 1502 Datamis,
795 1424 987 1498 ‘fortissimi
997 1428 1144 1490 omnium
1158 1427 1280 1493 barba·
1355 1481 1360 1490 .

179 1542 302 1601 rorum,
313 1525 468 1609 exceptis
484 1524 679 1590 Hamilcare
690 1531 725 1592 et
747 1525 964 1605 Hannibale,’
978 1535 1017 1593 ut
1030 1529 1145 1593 verbis
1169 1529 1280 1614 ipsius

181 1622 327 1709 Nepotis
342 1632 427 1703 utar,
454 1645 551 1708 paenc
565 1627 599 1691 in
614 1627 724 1691 modio
737 1628 825 1705 libri,
851 1629 936 1691 inter
949 1629 1037 1692 ritas
1053 1629 1176 1693 ducum
1187 1629 1282 1697 Grae·
1342 1615 1348 1624 ⁸

181 1726 446 1806 oorum,'vellett
494 1726 596 1805 Quid,
611 1726 702 1811 qnod
717 1726 836 1811 Nepos
850 1710 982 1812 postea,
1005 1748 1027 1793 a
1041 1729 1111 1794 vita
1130 1728 1282 1796 Timole·
1411 1809 1415 1817 Ι

181 1830 270 1895 ontis
284 1836 550 1912 transgressurus
565 1830 608 1893 ad
623 1830 728 1895 duces
742 1831 970 1907 barbarorum,
990 1831 1087 1895 initio
1100 1832 1280 1898 succinctae

180 1930 272 1999 illins
287 1932 328 1997 de
342 1930 503 2013 Regibus.
518 1933 855 2011 commemorationis,
880 1938 1052 2015 peractam
1063 1952 1106 1997 eo
1119 1954 1226 2018 usque
1239 1934 1281 2001 li·

179 2034 233 2099 bri
246 2040 377 2119 partem
393 2033 576 2117 respiciens
591 2034 649 2112 ait,
672 2033 746 2099 ‘Hi
770 2033 839 2097 iere
851 2033 985 2098 suerunt
1005 2031 1151 2099 Graecias
1172 2037 1281 2117 gentis

180 2134 294 2213 duces,
316 2136 374 2219 qui
388 2136 550 2201 memoria
564 2134 653 2217 digni
666 2134 902 2219 videbanturt'
928 2134 1018 2217 Ergo
1033 2154 1075 2198 ne
1090 2133 1281 2216 Datamem,

180 2237 270 2321 qnod
283 2239 384 2303 uitam
396 2238 470 2323 ejus
481 2237 516 2301 in
528 2236 640 2301 medio
654 2236 772 2302 horum
787 2237 959 2314 cernimus,
972 2238 1007 2301 in
1020 2235 1166 2302 Graecia
1176 2240 1281 2321 gentis

181 2338 324 2407 duorlrus
337 2339 481 2404 babuitt
526 2337 612 2416 Quis
624 2339 690 2404 hoc
702 2338 831 2417 credat,
856 2354 933 2404 cnm
947 2340 1022 2423 ipse
1036 2357 1122 2417 enm,
1147 2340 1283 2406 utridi-

180 2458 268 2518 mns,
284 2438 453 2503 barborum
468 2437 615 2505 dixeriti

205 2587 210 2601 .
226 2542 294 2609 Sed
310 2543 404 2609 aiunt
416 2542 577 2609 editores:
602 2541 725 2608 Evenit
738 2543 804 2607 boc
818 2542 1046 2624 chronologia,
1061 2543 1097 2606 in
1110 2542 1192 2606 ritis
1205 2541 1283 2607 istis

184 2644 378 2711 ordinandis
392 2652 536 2723 semota,
559 2652 597 2710 nt
620 2644 784 2709 Datames
798 2661 875 2707 eum
887 2643 1000 2706 locum
1014 2642 1190 2706 obtineret.
1211 2640 1284 2707 Au·

184 2747 252 2811 dio.
274 2746 322 2813 At
334 2766 421 2813 nunc
437 2766 551 2833 quaero
563 2766 583 2837 ².
597 2746 695 2811 Unde
709 2746 809 2811 nobis
837 2745 902 2809 ista
924 2743 967 2808 ad
993 2742 1218 2825 chronologias
1236 2743 1284 2808 le-

184 2850 349 2932 ges-facta
372 2850 515 2915 vitarum
529 2842 729 2913 ¹ordinatiol
774 2844 877 2910 Estne
890 2846 934 2909 ab
948 2848 1084 2909 auctore
1096 2843 1175 2926 ipso
1188 2843 1286 2909 iusti·

184 2952 282 3015 atat
327 2950 430 3029 Quid,
447 2952 476 3015 si
491 2950 688 3032 bocuegare
704 2947 839 3013 ansimi
885 2946 989 3025 Quid,
1016 2946 1144 3010 sibanc
1157 2944 1284 3027 negati·

185 3071 282 3117 onem
298 3052 511 3132 argumentis,
537 3071 581 3115 ex
605 3051 716 3135 ipsius
743 3049 856 3132 operis
874 3047 1135 3111 conformatione
1156 3045 1284 3129 petitis,

184 3153 355 3226 adstarem
369 3148 470 3235 atque
484 3153 689 3217 sustineant
733 3149 821 3233 Age,
831 3151 896 3214 hoc
910 3150 1129 3231 experiamur.
1222 3170 1229 3175 ·

206 3274 212 3281 ·
229 3254 315 3319 Cum
331 3248 488 3319 accurato
498 3251 536 3319 'et
549 3255 660 3319 sobrio
674 3254 836 3337 scriptore
851 3270 905 3314 res
916 3249 1017 3314 nobis
1029 3255 1090 3313 est.
1133 3246 1217 3313 Non
1228 3265 1286 3312 so·

186 3356 231 3421 let
245 3356 323 3420 talis
337 3350 373 3419 iu
389 3353 603 3420 adornatione
618 3356 761 3439 partium
775 3354 873 3417 nnius
888 3357 988 3434 atque
1008 3349 1156 3435 ejusdem
1181 3349 1286 3415 bisto-

186 3458 248 3523 rici
262 3457 374 3541 operis
389 3477 410 3521 a
424 3452 637 3539 geniototius
653 3448 838 3541 deflectere,
852 3458 887 3517 et
899 3472 1012 3518 secum
1027 3470 1186 3545 pugnare.
1208 3449 1307 3528 Quo·

187 3559 339 3623 ritiobic
355 3558 437 3622 liber
452 3564 656 3640 antecapto
679 3557 823 3620 vitarum
847 3554 1054 3617 ordinatione
1085 3554 1155 3615 sine
1181 3551 1286 3645 dnbio

178 3660 333 3737 laborat,
347 3668 387 3723 ut
400 3662 519 3724 mirum
535 3661 589 3736 sit,
605 3661 769 3722 neminem
784 3656 949 3721 editorum
970 3654 1036 3718 hoc
1062 3654 1172 3718 adbuc
1201 3652 1286 3744 satis

187 3760 477 3829 animadvertisse.
500 3756 502 3761 ’
535 3760 802 3835 Consideremus,
834 3758 865 3821 si
893 3756 1023 3839 placet,
1050 3754 1144 3817 illam
1157 3751 1285 3849 operis

186 3864 403 3947 particulam,
419 3884 498 3947 quae
514 3858 652 3927 inscribi
666 3860 800 3925 soletde
819 3852 962 3943 Regibus.
1006 3856 1115 3935 Quem
1127 3852 1286 3930 ordinem

188 3962 321 4048 quaeso,
338 3965 373 4026 iu
387 3960 597 4029 recensendis
611 3962 743 4045 regibus
759 3956 878 4025 auctor
892 3960 945 4022 bic
958 3954 1125 4022 instituit?
1165 3953 1310 4019 Nonne*

188 4065 348 4132 ridemus
378 4065 471 4129 illum
494 4074 620 4129 certum
644 4061 810 4145 quendam
838 4059 978 4145 gentiam
1003 4056 1154 4121 ordinem
1179 4053 1296 4138 sebui,

189 4173 295 4251 atque
309 4168 577 4250 itasingularum
589 4165 734 4251 gentium
748 4162 892 4229 eximios
917 4178 1011 4246 reges
1025 4165 1189 4245 perpetua
1203 4156 1289 4224 serie
