3059 4867
601 387 836 439 erasarum
861 387 900 438 x.
1232 365 1298 440 391

247 530 449 620 Magnitudo
474 535 544 603 loto
571 536 692 614 arbori,
722 555 799 620 quse
822 535 939 620 pirot·
959 521 1153 618 quanquam
1178 531 1300 618 Nepos

203 635 377 718 Cornelius
399 639 532 703 brevem
555 637 674 715 modat,
698 641 759 704 dac.
803 635 930 702 Vinum
952 631 1084 720 qnoque
1106 635 1302 720 exprimitur

204 741 266 819 illi,
288 741 396 806 simile
409 739 530 818 malso,
553 738 645 825 qnod
659 738 746 804 ultre
768 737 873 804 denos
888 737 960 802 dies
973 743 1072 820 negat
1084 736 1201 802 duram
1214 737 1302 803 idem

206 840 347 926 Nepos;
377 844 569 928 baocosque
597 848 755 909 contusas
783 861 858 908 cnm
895 839 985 906 elica
1013 837 1059 905 ad
1087 839 1181 905 cibos
1209 839 1302 906 dolio

206 943 316 1010 condi.
361 943 450 1010 Ptin.
467 961 553 1010 xur.
568 945 622 1011 17.
646 943 733 1032 §82

249 1045 420 1111 Soondula
447 1053 635 1113 contectam
663 1046 771 1110 fuisse
801 1043 948 1111 Romam
975 1062 1085 1128 usque
1110 1041 1154 1110 ad
1178 1042 1304 1108 bellurn

207 1146 455 1232 Pynnibaunis
479 1149 728 1234 quadringentis
752 1163 842 1212 nxx.
857 1145 1030 1224 Cornelius
1046 1143 1163 1232 Nepos
1186 1149 1329 1212 auctor·

206 1252 271 1314 est.
317 1247 405 1314 Idem
420 1266 500 1316 xvr.
515 1252 570 1318 10.
592 1252 677 1337 §lu

223 1434 227 1440 .
252 1351 429 1419 Comeiius
445 1353 564 1437 Nepos
580 1353 691 1431 tradit,
713 1359 791 1417 ante
816 1351 918 1438 Syllae
945 1351 1118 1416 victoriam
1142 1351 1210 1415 dno
1231 1357 1304 1417 tan·

207 1461 278 1518 tum
291 1455 434 1520 triclinia
452 1454 573 1520 Romae
587 1454 875 1537 tuisseargentea.
902 1450 989 1516 Idem
1006 1444 1306 1540 xxxrn.ll.§52.

251 1555 386 1620 Primus
411 1557 536 1622 invenit
562 1556 670 1623 lineas
700 1555 864 1634 colorare,
891 1561 987 1634 teste,
1014 1561 1051 1620 ut
1072 1555 1190 1634 serunt,
1216 1555 1306 1634 tritu,

209 1655 438 1741 Cleophantus
452 1658 651 1723 Corinthius.
677 1657 809 1735 ‘'Huno,
838 1664 896 1723 aut
920 1659 1036 1724 eodem
1059 1659 1191 1723 nomine
1205 1657 1307 1723 aliurn

208 1758 325 1836 fuisse,
349 1779 448 1844 quem
472 1761 571 1826 tradit
595 1758 773 1824 Cornelius
801 1758 918 1844 Nepos
945 1765 1092 1826 secutum
1115 1761 1149 1824 in
1172 1759 1308 1824 Italiam

211 1860 436 1940 Demaratum,
458 1862 631 1946 Tarquinii
654 1861 777 1938 Prisci,
800 1859 945 1926 Romani
973 1863 1073 1943 regis,
1095 1867 1233 1944 patrem,
1256 1859 1308 1925 fu-

211 1963 356 2047 gientem
371 1983 392 2028 a
412 1963 572 2029 Corintho
585 1963 728 2048 iujurias
755 1963 892 2048 Cypseli
908 1963 1062 2047 1Ῡιιιιιιι1,ο
1077 1981 1158 2028 mox
1173 1963 1308 2029 docebi-

210 2085 296 2129 mus.
341 2063 429 2132 Idem
445 2081 572 2131 xxxv,
585 2067 618 2132 3.
643 2068 708 2152 §b

255 2165 404 2232 Primum
415 2167 535 2233 Romae
550 2171 697 2254 parietes
712 2175 825 2234 crusta
835 2169 1008 2234 marmoris
1024 2172 1193 2254 operuisse
1208 2169 1309 2234 totius

210 2269 330 2334 domus
345 2289 417 2334 sues
432 2271 467 2333 in
481 2269 594 2337 Goelio
608 2279 720 2337 monte
746 2272 922 2338 Cornelius
939 2271 1055 2356 Nepos
1079 2269 1213 2336 tradidit
1234 2269 1310 2336 Ma·

210 2391 363 2457 murram,
386 2373 532 2438 Formiis
551 2374 690 2453 neutum,d
715 2377 861 2459 equitem
886 2372 1087 2452 Romanum,
1110 2375 1308 2457 praetectum

210 2473 338 2539 fabrum
364 2474 402 2539 C.
426 2472 574 2541 cesaris
601 2477 636 2540 in
662 2477 788 2556 Gallia,
812 2481 873 2544 duo.
917 2475 1054 2561 Adjecit
1074 2475 1161 2540 idem
1176 2474 1309 2559 Nepos,

212 2589 285 2640 enm
301 2577 443 2661 primum
458 2578 538 2643 totis
553 2577 682 2644 aedibus
695 2580 834 2658 nnllam,
855 2579 924 2644 nisi
945 2598 965 2643 e
989 2597 1162 2659 marmore,
1186 2577 1310 2643 colum-

703 2828 815 2882 ,NOTAE

245 2981 419 3045 ‘Magnitudo
437 2983 485 3033 toto
501 2982 591 3048 aaut,
608 2999 660 3050 qao
676 2983 743 3050 piro]
785 2984 940 3038 scandentes
959 2984 1096 3048 pervenire
1116 2980 1210 3032 soient.
1248 2975 1315 3030 luds

212 3059 295 3113 noue
306 3060 386 3110 arbor
402 3058 523 3125 frequens
543 3061 570 3110 in
585 3059 677 3111 Africa
693 3059 744 3112 suit
785 3068 884 3113 tectum
902 3060 1054 3112 scandulare
1071 3058 1177 3123 dieitur,
1196 3055 1265 3126 quod
1282 3072 1316 3110 ex

213 3135 283 3201 apud
297 3135 423 3198 syrenes,
445 3136 513 3186 unde
533 3136 677 3202 Lotophagi
699 3152 744 3203 po·
784 3135 915 3189 scandulis
926 3142 1038 3188 constat

149 3209 159 3218 '
213 3212 279 3278 puli,
296 3212 364 3278 quod
384 3212 440 3275 ejus
461 3213 562 3263 arboris
584 3212 673 3265 fructu
691 3229 745 3264 crs·
818 3211 1095 3274 ACoristboirjarius
1104 3211 1199 3275 Cypsela
1207 3205 1317 3274 tyranni]

212 3276 309 3336 dantur
318 3288 457 3349 vretrtare
473 3303 549 3352 enjus
560 3288 633 3340 esbus
644 3294 685 3339 est
693 3296 746 3340 tam
785 3289 923 3354 Tyrannus
949 3289 994 3339 ilie
1017 3287 1165 3338 Corinthius
1188 3283 1316 3348 Cypselus

215 3361 309 3425 duleis,
328 3370 358 3412 ut
385 3363 492 3414 advenis
520 3365 628 3415 incutiat
653 3368 746 3454 patris
787 3364 1019 3426 diotnssCistnla,
1032 3375 1109 3428 quam
1120 3359 1207 3412 Grteoi
1219 3357 1316 3424 cypro:

214 3429 385 3491 oblivionem:
403 3441 562 3506 itaqnecum
572 3442 674 3504 Uiyssis
684 3442 747 3491 socii
786 3442 829 3491 lon
841 3447 943 3504 vocant
953 3455 979 3490 ιιι
991 3455 1042 3506 qua
1057 3439 1163 3490 delituit
1173 3438 1319 3488 occultatus

216 3517 297 3567 delati
315 3515 426 3566 tuissent
453 3515 579 3580 Africam,
603 3522 631 3568 et
654 3517 749 3567 lantum
790 3523 909 3582 amatre,
918 3531 977 3568 eum
986 3516 1018 3567 ad
1028 3523 1137 3568 mortem
1147 3520 1319 3581 quaereretur

216 3601 372 3660 gustassent,
392 3594 436 3644 vix
455 3595 517 3646 tude
544 3593 637 3646 abduci
658 3602 749 3661 potne-
787 3594 857 3646 Vide
877 3595 955 3647 Cio·
948 3609 976 3646 ιιι
991 3595 1069 3646 ibae.
1085 3591 1241 3646 Quereris.
1253 3605 1280 3642 v.
1290 3596 1319 3644 et

216 3671 286 3721 runt.
321 3671 398 3722 Hom.
412 3666 559 3736 Odyssia.
788 3670 835 3722 lib.
846 3672 880 3721 de
890 3671 965 3724 Fato

216 3745 395 3797 ''Sonduts
409 3753 540 3798 oensem
551 3745 645 3821 surim
649 3747 750 3798 Rem
820 3746 1003 3811 drumm,
1012 3745 1117 3798 Formiis
1125 3745 1220 3809 adan]
1241 3743 1320 3795 Hune

213 3824 422 3888 museum
430 3823 532 3888 Pyrrhi,
542 3825 595 3890 tra]
609 3825 748 3886 Scanduia,
790 3831 930 3891 propterea
952 3823 1070 3874 Catullus
1092 3823 1177 3886 carpit
1203 3821 1229 3870 in
1257 3819 1319 3884 Epi·

217 3901 298 3968 quasi,
321 3900 447 3965 reinduta,
467 3916 484 3951 a
503 3901 664 3963 scindeud03
688 3901 749 3967 quia
789 3907 941 3966 grammate,
951 3893 1321 3964 inquoseribiteuminsdi·

217 3977 345 4042 ejusmodi
371 3983 431 4026 sant
455 3978 551 4041 tegula
573 3977 676 4042 lignea,
697 3990 749 4026 oon
790 3977 838 4027 bus
848 3977 900 4027 ιιιι
911 3975 1039 4038 babuisse
1054 3972 1178 4040 quicquid
1187 3972 1322 4025 habuisset

217 4067 299 4113 serra,
318 4053 365 4102 sed
384 4053 537 4118 bipennibus
562 4052 659 4102 scissa.
699 4050 750 4101 Vei
791 4051 879 4104 Gallia
889 4050 1068 4116 comata,qnia
1080 4047 1226 4102 erasurus
1238 4047 1322 4102 fabro·

218 4127 349 4180 acuunt.
360 4128 541 4192 ascendendo,
555 4129 618 4194 quia
626 4128 653 4179 in
662 4127 750 4178 ssimi·
791 4145 847 4182 rum
858 4129 1004 4181 Castrinio
1016 4127 1104 4178 Gallia
1115 4125 1174 4178 suit.
1205 4127 1272 4180 Vide
1287 4128 1320 4178 de

218 4205 295 4259 aibas
307 4211 445 4268 tutorum,
461 4206 495 4257 ad
506 4206 608 4270 tegulas
618 4205 752 4256 imbrices·
791 4206 883 4260 eodsur
894 4205 964 4258 Plio.
973 4203 1020 4257 lib.
1030 4215 1127 4256 xxxvi.
1137 4207 1163 4256 o.

219 4298 271 4354 quo
296 4282 463 4336 sustinendos
493 4283 664 4344 eoboomtur,
699 4295 752 4350 qno
