3059 4867
216 353 263 419 ro
582 362 763 413 οοιιιιιιιι
787 358 949 413 susurre

215 509 360 579 maxime
374 508 427 577 iris
441 508 656 575 Prmisliouis
669 526 741 573 sum
757 507 887 574 verbm:
917 511 929 542 ‘
944 504 1020 573 Sed
1031 504 1134 591 pl'me
1140 501 1319 593 pensem
1461 460 1469 471 ’

215 620 283 679 tum
306 611 498 697 magnitudo
522 609 701 676 voluminis
723 609 887 737 prohibet,
909 612 980 674 tum
1001 607 1184 687 festinatio,
1204 612 1246 675 ut
1271 628 1318 681 ιι

215 715 382 799 explicem
397 734 475 799 quae
490 730 635 777 exorsus
648 710 744 776 sum?

258 815 358 882 Adde
385 820 419 880 et
439 816 504 880 istu
525 830 603 897 qum
634 811 809 896 Pelopidae
831 812 912 878 vitre
937 814 1035 879 initio
1062 814 1113 879 sic
1141 814 1313 910 leguntur·

215 916 344 1004 Cujus
355 916 396 981 de
407 914 582 983 virtutibus
592 914 709 979 dubito
717 914 1002 999 quemadmodum
1012 934 1198 999 exponam
1221 904 1314 1001 quod

218 1038 341 1097 vereor,
354 1020 384 1084 si
398 1037 450 1082 res
464 1016 665 1102 explicere
654 1015 828 1099 moipiem,
849 1034 917 1080 uon
930 1017 1034 1082 vitum
1054 1016 1129 1102 ejus
1149 1035 1314 1097 enarrare,

216 1121 276 1186 sed
290 1120 460 1185 historiam
475 1117 590 1185 videar
604 1116 777 1183 scribere?
810 1125 905 1183 etex
930 1117 1183 1201 Epaminonda:
1206 1116 1313 1183 ‘Piu-

216 1224 301 1287 rima
315 1221 449 1307 quidem
462 1218 606 1307 risione
620 1240 809 1305 possemus,
824 1222 884 1285 sed
897 1221 1021 1286 modus
1034 1219 1239 1286 adhibendus
1251 1226 1314 1299 est,

216 1324 373 1408 quoniam
398 1343 465 1388 unc
490 1322 555 1389 hoc
581 1322 752 1389 volumine·
775 1323 879 1387 vitam
908 1322 1140 1388 excellentium
1171 1323 1314 1389 virorum

216 1426 438 1510 complurium
452 1424 653 1491 concludere
676 1423 929 1490 consuluimus:
973 1422 1062 1503 Quor
1078 1416 1215 1511 quidem
1228 1423 1316 1489 indi·

216 1532 307 1605 cent,
323 1528 436 1592 omnia
451 1526 664 1609 complexum
678 1524 786 1590 fuisse
799 1544 842 1590 eo
852 1527 1023 1605 brevitate,
1037 1532 1073 1591 ut
1087 1528 1121 1591 in
1135 1526 1314 1611 Epitomeu

216 1626 320 1711 redigi
333 1627 468 1693 minime
482 1626 690 1712 opusuiuerit.

261 1730 313 1795 lle
335 1730 462 1811 origine
484 1748 577 1807 vero,
599 1748 659 1793 seu
681 1728 797 1797 Patrio
818 1729 911 1813 ejus3
933 1728 1046 1815 ipsum
1061 1728 1148 1794 Pedi
1164 1731 1316 1797 accolam
1405 1742 1409 1748 ·

216 1836 355 1898 testatur
378 1829 467 1896 Plin.
492 1831 550 1895 lib.
574 1847 632 1895 ιιι.
654 1832 708 1896 18.
731 1832 784 1895 llis
804 1832 931 1897 verbis:
969 1836 980 1865 ‘
1003 1834 1169 1897 contrario
1196 1851 1315 1897 eorum

216 1932 380 2017 percussu
394 1932 477 1997 meri
490 1932 664 2018 interjecto
685 1930 912 2009 dulcescente‚
928 1931 1077 2017 plerique
1090 1932 1203 1997 dixere
1216 1933 1315 2009 falso,

216 2041 251 2098 et
273 2032 392 2119 Nepos
414 2033 588 2101 Cornelius
610 2033 698 2099 Pedi
724 2032 863 2099 accola!
907 2032 1006 2099 Unde
1034 2034 1186 2099 Catullus
1209 2033 1322 2099 Vero·

216 2136 332 2201 nensis
347 2135 469 2215 Polite,
484 2137 529 2202 ed
549 2136 673 2220 ipsum,
696 2140 856 2220 tunquam
877 2135 922 2200 ed
943 2137 1052 2201 civem
1073 2156 1170 2201 suum
1192 2135 1316 2201 virum·

130 2262 134 2273 2
219 2254 287 2319 que
302 2236 476 2314 illustrem,
492 2256 579 2321 opus
594 2255 693 2300 suum
707 2234 854 2315 mittens,
867 2238 990 2302 Italum
1003 2243 1103 2303 vocet
1116 2238 1217 2323 Epig.
1233 2254 1260 2303 ι.

303 2339 315 2370 ‘
330 2334 395 2400 Oui
409 2336 497 2401 douo
510 2336 663 2419 lepidum
675 2356 800 2401 uorum
815 2326 991 2415 Libellum,

304 2436 410 2502 Arida
423 2436 522 2501 modo
537 2438 669 2521 pumice
685 2437 893 2521 expolitomt

303 2536 448 2615 Comeli,
470 2538 550 2617 libi3
572 2557 717 2623 nemque
731 2542 768 2603 tu
783 2540 915 2605 solebas

183 2634 191 2647 '
305 2639 493 2717 Messenen
509 2638 637 2723 aliquid
652 2647 773 2723 putere
787 2660 905 2724 nugas.
995 2708 1001 2717 ,

303 2740 327 2807 J
329 2760 383 2805 am
396 2747 478 2816 tum,
494 2760 570 2803 cnm
584 2759 689 2804 ausus
703 2760 740 2803 es
755 2761 844 2805 unns
858 2742 1021 2809 Italorum

305 2838 414 2905 Omne
429 2860 540 2906 aevum
555 2840 660 2905 tribus
677 2839 850 2925 explicere
865 2844 998 2923 chartis,

305 2940 439 3019 Doctis,
454 2940 605 3025 Jupiter!
627 2948 660 3006 et
672 2942 872 3021 laboriosis,’
886 2948 948 3010 &n

219 3042 283 3110 (lui
310 3048 422 3109 temen
452 3043 602 3128 opinioni
630 3041 803 3111 Ausonius
833 3046 954 3112 Latino
982 3047 1112 3115 Proeto
1143 3050 1317 3134 Drepnuio

220 3146 380 3222 scribens,
393 3145 445 3209 his
462 3144 572 3209 verbis
598 3144 754 3227 refragari
780 3147 921 3227 videtur,
936 3149 1059 3233 quibus
1080 3151 1127 3217 od
1141 3152 1316 3237 superiore

219 3244 345 3312 catulli
359 3246 463 3311 verba
478 3246 615 3311 alludit:

304 3351 315 3382 ‘
330 3346 394 3412 Cui
409 3347 496 3413 dono
510 3348 657 3433 lepidum
672 3368 798 3415 norum
812 3338 1004 3419 Libellumi

303 3448 505 3516 Veronensis
520 3452 571 3515 ait
585 3450 695 3515 Poe'tu
709 3453 889 3536 quoudem,

304 3550 512 3636 Inventoquo
527 3552 621 3619 dedit
633 3553 743 3617 stetim
758 3552 895 3641 Nepoti.

303 3648 351 3718 At
363 3670 424 3719 nos
438 3652 611 3737 illepidum
626 3652 739 3718 rudem
755 3655 934 3737 Libellum,

227 3800 230 3807 ‚
302 3754 438 3833 Burrus,
454 3754 662 3840 quisquilias,
677 3756 886 3843 ineptiasque

304 3855 487 3922 Credemus
501 3856 628 3939 gremio
642 3858 697 3921 cui
712 3852 916 3928 fovendumt

226 4022 231 4031 ,
304 3958 423 4023 Inveni
437 3954 593 4045 (trepidae
609 3960 704 4025 silete
719 3959 833 4048 ungue)
874 4000 881 4010 ·

305 4058 341 4125 N
341 4079 380 4125 ec
393 4059 529 4125 doctum
543 4063 661 4138 miuus,
678 4068 715 4127 et
727 4064 835 4145 magis
848 4064 1027 4147 benignum

269 4223 271 4231 .
305 4158 417 4241 Quam
433 4182 532 4244 quem
548 4160 666 4228 Gellia
678 4165 827 4249 prebuit
840 4163 994 4233 Getullu?
