3059 4867
435 383 441 393 ·
514 372 567 423 uu
587 372 960 428 ouanuuromurcru.
1238 363 1296 431 81.

181 514 275 602 qued
290 513 486 589 cremum
510 515 743 601 imperaturmu
755 520 847 587 uitae
859 513 1080 604 complexura
1092 527 1193 602 eruat,
1205 523 1285 590 licet

180 618 218 683 id
241 638 309 683 uon
332 617 518 683 admodum
533 618 668 703 proprie
691 619 817 687 dictum
837 618 1002 701 uideatur,
1029 642 1106 687 cum
1131 644 1285 693 semeae

180 724 295 786 utatur
316 718 452 797 Latino,
474 739 545 785 non
571 719 709 787 Groeco.
767 722 836 787 Sed
863 722 975 787 dices:
1007 722 1094 788 Cum
1111 725 1203 791 duos
1225 726 1285 793 iile

180 820 285 887 libros
318 822 508 904 scripsere:
528 816 950 908 quemmapcs'teriors-ui*
966 816 1107 909 ipsemet
1132 825 1284 908 testatur,

182 923 297 987 ‘vitas
313 922 542 989 Romanorum
566 924 821 1009 imperatorum'
838 927 1042 1005 contineret,'
1063 946 1103 991 ac
1129 927 1284 1011 praefatio

182 1024 345 1087 ambobus
359 1024 545 1089 communis
567 1008 676 1090 fuisse
699 1023 793 1091 credi
811 1010 933 1110 poenit,
948 1048 1033 1112 quos
1055 1027 1177 1092 ‘iibri’
1197 1048 1283 1095 uoce
1311 1073 1313 1076 v

181 1124 412 1209 appellaverit,
428 1126 593 1209 iuquiens,
616 1132 626 1165 ‘
639 1127 683 1192 Et
697 1128 732 1191 iu
746 1127 811 1193 hoc
830 1127 1037 1213 exponemus
1050 1129 1138 1194 libro
1152 1130 1195 1195 de
1209 1118 1284 1195 v'ita

181 1226 418 1291 excellentium
450 1216 710 1310 imperatorum*
746 1234 784 1293 ut
811 1230 912 1294 etiam
940 1232 1056 1295 titulus
1086 1231 1284 1296 Aidiucrum

180 1328 420 1411 exemplarium
435 1328 654 1410 demonatrut3
677 1330 795 1395 rationi
808 1330 1066 1415 haudquaquam
1081 1340 1132 1397 est
1145 1322 1285 1398 ceuceu-⁴

180 1434 327 1506 taueum,
349 1427 544 1493 ‘Atticam’
567 1428 635 1495 dici
660 1432 869 1515 scripturam,
891 1452 966 1515 quae
982 1426 1293 1516 aequeetGraecos'

180 1537 216 1595 et
238 1530 379 1595 Iratiucs
402 1523 621 1613 imperatorea'
645 1529 822 1597 contiueat
866 1532 1088 1617 Respondem·
1112 1535 1285 1619 praeiatiu·

180 1626 257 1697 ne'm
271 1632 357 1696 hauc
372 1631 416 1696 'ad
431 1624 573 1715 prio're'm
589 1632 752 1697 duntaxat
765 1627 888 1697 librum
903 1636 1074 1718 pertinere,
1089 1641 1165 1701 cum
1186 1638 1221 1701 in
1231 1649 1234 1659 “
1243 1626 1285 1704 ’θα

179 1724 275 1798 nulla
288 1730 482 1799 lautino'ruui
494 1726 585 1799 facta
600 1736 644 1800 sit
658 1735 791 1812 mentio,
806 1735 847 1800 de
862 1728 993 1818 quibus*
1008 1736 1113 1802 altera
1126 1739 1284 1821 privatim

180 1834 391 1921 praefatione,
399 1856 476 1921 quae
490 1830 672 1920 pesteriuri
688 1830 773 1900 libro
787 1836 929 1919 praefixa
943 1831 1087 1903 demere
1100 1842 1155 1917 eit,
1167 1841 1296 1924 ioque·

180 1942 280 2003 retur.
326 1932 524 2016 Quodvero'
537 1932 668 2021 spectat
683 1937 725 2002 ad
739 1930 807 2000 'iila
828 1938 942 2015 uerba,
966 1942 977 1971 ‘
993 1936 1037 2000 Et
1049 1940 1084 2002 in
1098 1940 1162 2003 hcc
1176 1960 1284 2027 expo-

179 2042 295 2104 uem'ua
308 2040 394 2104 limo
405 2040 446 2103 de
457 2030 532 2103 vita'
539 2039 774 2105 excellentium
788 2039 1045 2120 imperatorum‚’
1060 2034 1283 2125 ‘librum’igd

181 2140 292 2225 accipi
308 2145 389 2225 puto
403 2134 469 2205 ucu
483 2134 546 2224 pru
559 2136 717 2205 uuive'rse
733 2139 833 2223 op‘ere
845 2137 954 2223 (quod
967 2140 1054 2206 aliae
1065 2134 1284 2210 sumaase'ucu
1308 2210 1314 2219 ,
1402 2141 1407 2150 ’

181 2244 252 2310 ame
265 2262 375 2308 errore
389 2239 481 2326 feci),
494 2242 554 2307 sed
569 2262 630 2326 pro
643 2244 728 2307 libro
743 2260 826 2323 unc;
849 2238 1075 2308 ‘Graecorum'
1090 2235 1201 2309 autem
1216 2262 1284 2310 nou

181 2346 261 2411 addi
274 2348 484 2423 mentionem,
496 2338 578 2430 'quia
589 2344 661 2429 jam
675 2344 717 2409 de
731 2338 864 2410 Graecia
876 2345 1040 2427 agendum
1054 2366 1141 2424 esee,
1151 2346 1198 2410 sit
1210 2346 1284 2413 dic·

181 2456 263 2529 tum,
278 2448 368 2513 nulla
382 2451 492 2510 tamen
505 2446 649 2511 muueris
670 2446 875 2529 imperatorii
900 2445 990 2510 iacta
1014 2446 1190 2524 mentione,
1205 2466 1284 2531 quae

180 2549 284 2615 mede
300 2554 500 2634 apponatur,
507 2568 555 2613 ue
567 2547 609 2612 de
630 2546 779 2612 omnium
794 2547 983 2631 promiscue
997 2547 1173 2629 insignium
1189 2548 1286 2615 Grae·

181 2652 245 2717 cie
259 2652 406 2715 uirorum
420 2640 491 2714 vita
502 2649 558 2715 hic
573 2649 677 2714 lectur
691 2646 853 2730 agendum
869 2645 944 2710 esee
963 2646 1120 2711 crederet
1163 2648 1294 2727 Vides,-

181 2759 338 2836 quauium
353 2754 400 2816 uit
413 2749 644 2816 collocationis
670 2750 802 2815 voculae
826 2748 927 2812 unius
952 2743 1167 2813 momentum.
1213 2748 1284 2813 Re-

180 2855 290 2920 lativu
319 2846 398 2936 ergo
418 2853 509 2930 voci,
537 2848 660 2929 Attica,
690 2850 884 2935 praeposito,
915 2851 1028 2913 omnia
1051 2856 1139 2915 recte
1163 2851 1286 2916 habere

182 2954 348 3033 videntur,
360 2953 566 3038 etquaedam
581 2952 791 3017 difficultates
811 2952 991 3029 facessunt,
1006 2968 1082 3034 quac
1110 2952 1200 3017 oiim·
1219 2972 1285 3018 nce

183 3046 499 3133 circumveniebant,
531 3054 610 3119 dum
640 3051 788 3119 Probum
813 3051 994 3117 Theodosii
1022 3060 1123 3117 aetate
1158 3052 1286 3119 vixisse

183 3158 429 3225 mma-ua.
454 3202 457 3214 .
471 3158 599 3222 Verum
614 3155 747 3221 candidi
761 3155 898 3220 lectoria
913 3158 987 3219 eata
1006 3153 1194 3238 judicium3
1218 3172 1285 3219 nou

183 3260 272 3325 euim
287 3261 361 3325 haec
381 3256 568 3343 judicandi,
591 3254 651 3321 'se'd
671 3256 801 3341 judicie
822 3255 1020 3321 admouendi
1035 3255 1286 3341 instruendique

185 3362 326 3427 masilia
341 3360 552 3434 attulimus.j'
570 3358 574 3365 '
1290 3358 1294 3363 ’

487 3604 706 3671 OBERTUS
734 3600 982 3680 GIFANIUS,

195 3787 203 3815 ¹
278 3809 485 3871 'mrumcu
510 3820 769 3883 uucuuumuo,
794 3817 889 3866 vocu
912 3794 1189 3864 ‘auuuuurua'
1280 3868 1284 3875 ,

192 4020 200 4031 ·
230 3984 351 4071 Nepos
363 3988 398 4051 iu
411 3988 484 4052 vita
498 3984 706 4052 Alcibiadis:
745 3991 755 4021 ‘
771 3985 891 4067 Itaque
905 3987 937 4047 et
948 3978 1099 4056 Siciliae:
1112 3982 1174 4043 &c
1218 3976 1288 4042 Sed

186 4084 228 4157 de
250 4089 311 4154 iile
334 4089 502 4172 opusculo
528 4088 613 4153 alias
639 4088 784 4152 fortasse
808 4084 1008 4148 accuratius.
1066 4078 1176 4162 Cupio
1199 4079 1295 4143 enim'

185 4192 311 4277 pram.-
334 4188 428 4255 illum
460 4190 654 4273 scriptorem
687 4184 868 4271 aliquando
899 4180 1148 4265 castigatiorem
1172 4180 1296 4258 edere3·
