3059 4867
570 394 574 405 ·
663 368 791 433 ¹vrbs.
1240 363 1291 435 n

186 508 954 600 mentemmamquomeeretuduetm
975 514 1085 603 nepe
1105 519 1286 592 rm
1344 492 1354 517 ⁶

185 608 456 705 potimidi,tunta
468 612 633 691 modestia
646 612 890 702 dictoarmiens
903 616 968 683 fult
974 620 1084 703 jussis
1097 622 1293 691 eumdum

187 710 458 797 Magistratuum,
478 720 518 778 ut
541 714 572 779 si
599 706 753 799 privatus
775 716 812 782 in
836 716 980 785 comisto
1006 730 1102 788 esest
1130 724 1287 809 spartos:

187 814 286 900 cujus
312 814 504 900 exemplum
524 816 652 881 utinam
674 816 899 901 Imperatores
918 820 1023 887 rosei
1044 824 1140 908 sequi
1162 826 1297 893 voluis·-

188 915 282 983 seut'
326 916 398 981 Hic
424 916 533 996 loeus,
559 917 678 1001 inquit,
701 918 834 997 elamat,
854 918 1036 987 Auctorem
1061 924 1165 1008 hujus
1192 924 1297 995 Iaibri=

187 1037 325 1103 carpere
339 1024 373 1099 et
385 1024 501 1085 notare
516 1018 672 1105 Pompeii
685 1027 719 1085 et
734 1020 895 1102 Caesaris,
910 1022 971 1087 sed
984 1026 1132 1092 maxime
1140 1023 1288 1096 ceses
1316 1087 1317 1090 ,

187 1121 371 1205 potentiam
384 1142 449 1187 nun
462 1120 644 1201 serendam,
660 1123 719 1206 qui
745 1124 922 1207 imperium
946 1130 982 1189 et
1003 1128 1186 1193 exercitum
1208 1130 1298 1197 reti-2

187 1240 263 1301 nere
275 1222 363 1287 ultra
376 1228 508 1308 tempus
521 1224 594 1305 lege
612 1242 811 1287 concessum
824 1224 976 1290 voluerit.
1004 1224 1061 1291 Ad
1076 1228 1169 1293 eliud
1183 1234 1298 1297 unns·

186 1340 242 1401 eo,
269 1324 363 1409 quod
383 1345 429 1389 ex
454 1324 602 1390 Eumene
627 1324 821 1392 deducitur:
864 1328 948 1393 ‘Sic
979 1326 1185 1395 Macedones
1210 1348 1296 1416 reret

187 1424 314 1491 milites
334 1446 376 1491 ea
402 1432 481 1491 tunc
510 1432 602 1493 erant
624 1426 726 1507 sarna,
753 1447 823 1513 qua
847 1448 935 1495 nnnc
965 1428 1111 1497 Romani
1134 1431 1289 1503 feruntur.

187 1524 319 1609 Etenim
333 1546 466 1625 semper
476 1528 583 1595 habiti
597 1534 675 1595 sunt
694 1529 880 1611 fortissimi,
896 1532 955 1615 qui
969 1550 1132 1598 smumam
1150 1531 1292 1619 imperit

186 1626 396 1713 potirentur.
438 1627 497 1710 At,
521 1630 639 1714 inquit,
661 1631 758 1696 locus
783 1633 839 1696 ille
867 1632 1016 1698 declarat
1034 1633 1124 1700 huuc
1149 1634 1290 1703 librum

186 1748 263 1813 esse
285 1730 547 1815 scriptumque
568 1736 715 1817 tempore
737 1730 894 1815 Poprdus
914 1732 1014 1799 Rom.
1037 1734 1176 1819 imperii
1198 1756 1293 1805 sums

187 1850 277 1897 mam
289 1832 470 1911 obtinebat,
483 1836 545 1901 isc.
576 1831 758 1917 Supersunt
772 1832 839 1897 duo
853 1838 980 1899 tantum
995 1836 1196 1904 testimonia
1220 1836 1301 1905 Sed·

188 1931 222 1997 in
236 1952 305 2013 uno
320 1932 430 1999 solum
443 1934 568 2011 haereo,
580 1934 712 2019 hocque
734 1934 835 1999 etiam
850 1935 886 1999 in
901 1932 1050 2003 Eumene
1064 1939 1115 2003 sic
1132 1939 1289 2007 habetur:

188 2036 199 2067 ‘
215 2032 376 2119 Namque
389 2034 450 2100 illa
464 2034 623 2099 Phalanx
636 2032 737 2099 Alex.
752 2033 804 2099 Μ.
819 2052 896 2118 quae
910 2033 1031 2103 Asiam
1045 2038 1225 2119 devicerat,
1239 2040 1291 2106 in·

189 2142 337 2205 veterata
365 2135 584 2219 cumgloria,
611 2136 807 2200 tumetium
834 2136 982 2215 licentia,
1007 2158 1075 2203 non
1102 2148 1248 2223 parer'e
1250 2158 1289 2209 su

191 2236 355 2321 Ducibus,
371 2238 467 2303 sed
457 2256 623 2321 rmperare
646 2236 860 2322 postrdabat.
881 2244 921 2301 ut
942 2252 1029 2305 nunc
1053 2238 1214 2308 Veterani
1238 2242 1300 2313 la

191 2339 293 2409 ciunt.
337 2337 455 2425 ltaque
470 2340 658 2455 periculum
683 2344 734 2404 est
757 2359 799 2403 ne
820 2339 959 2419 saciant,
974 2340 1065 2425 quud
1078 2341 1298 2412 illifeeerunt

191 2460 252 2513 sua
280 2442 538 2527 intemperantia
565 2440 735 2524 nimiaque
761 2440 907 2520 lieentia,
932 2446 971 2505 nt
998 2444 1110 2509 omnia
1136 2444 1297 2529 perdant,

189 2562 294 2627 neque
307 2543 417 2611 minus
429 2563 488 2607 eos
501 2560 578 2606 cum
593 2542 716 2626 quibus
740 2540 901 2619 steterint,
915 2560 1018 2625 quarn
1032 2543 1192 2609 adversus
1205 2563 1300 2631 quos:

190 2642 350 2709 iecerint!
393 2642 463 2709 Hic
477 2644 574 2708 locus
589 2642 619 2707 si
636 2646 761 2706 attente
779 2640 1018 2720 consideretur,
1034 2643 1141 2727 inquit
1154 2645 1299 2716 lambi-5

190 2764 264 2824 nus,
280 2764 413 2830 unaque
434 2745 581 2827 legantur
609 2762 685 2827 qum
712 2742 757 2807 ad
779 2760 856 2809 eum
881 2744 1291 2823 monumemtum

190 2847 400 2931 apertissime
425 2844 553 2913 indicat
580 2850 680 2930 atque
708 2845 817 2927 arguit
846 2844 948 2928 hujus
973 2842 1067 2909 Libri
1093 2847 1299 2931 scriptorem·

192 2946 373 3031 Consnlum
388 2932 583 3026 annuorum,
599 2966 665 3011 non
685 2946 924 3031 imperatorum
951 2952 1187 3031 perpetuorum
1208 2954 1298 3019 tem.

190 3050 328 3137 potibus
349 3055 384 3115 et
396 3050 558 3127 ‚floruisse
580 3048 817 3133 suscripsisse.
862 3048 921 3115 Sic
936 3054 1045 3113 autern
1058 3048 1242 3117 Lambinus
1255 3053 1292 3116 in
1309 3073 1313 3079 ·

190 3148 471 3219 Annotntionibus
489 3150 534 3217 ad
559 3150 647 3215 hunc
676 3139 791 3217 locum
811 3150 930 3215 habet:
953 3150 1089 3215 ‘Etiam
1111 3150 1173 3215 hio'
1194 3151 1292 3219 loeus
1399 3160 1404 3165 ’

192 3253 324 3333 clamat,
337 3251 439 3338 hujus
454 3253 547 3318 Libri
559 3250 743 3321 ‚Auctorem
762 3252 915 3320 floruisse
937 3258 1035 3319 aetate
1056 3248 1109 3314 Μ.
1121 3250 1236 3331 Tullii,
1257 3255 1299 3326 et·

193 3353 375 3444 Rumponii
396 3352 512 3432 Attici,
533 3360 566 3417 et
593 3352 655 3417 Gn.
671 3351 839 3436 Pompeii,
864 3360 897 3417 et
922 3350 1062 3417 c.Ju1ii
1086 3351 1244 3432 Caesaris,
1259 3360 1298 3423 at

192 3474 261 3540 qno
276 3461 423 3541 tempure
445 3456 584 3519 lababat
609 3453 717 3539 Resp.
741 3454 844 3519 Rom.
862 3461 897 3519 et
917 3454 961 3518 ad
983 3454 1189 3537 tyrannidem
1214 3474 1293 3539 pro·

191 3555 380 3641 pendebat3
402 3556 548 3623 nundum
563 3560 674 3621 autern
687 3576 826 3640 prorsus
841 3556 878 3619 in
892 3556 992 3620 unius
1005 3561 1169 3640 potestate
1182 3574 1297 3621 versa

191 3658 301 3723 batur.
358 3657 436 3739 Quo
464 3658 578 3723 minus
605 3656 775 3723 credibile·
793 3662 846 3723 est
879 3664 978 3723 stare
1006 3678 1081 3723 eum
1110 3654 1293 3722 'lbeudusii

191 3758 342 3843 vixisset
387 3760 446 3825 Sic
467 3766 580 3826 autem
594 3760 743 3845 queritur
769 3759 818 3823 Μ.
831 3760 963 3825 Tullius
987 3759 1029 3824 de
1052 3756 1294 3825 veteranorum

191 3860 352 3945 snperbia
375 3867 410 3927 et
435 3862 634 3945 arrogantia,
659 3861 810 3947 Philipp.
826 3876 883 3927 xl.
910 3860 1147 3945 ‘Quanquam
1172 3857 1296 3925 Patres

191 3964 385 4052 Quscmpti,
400 3984 574 4051 quousque
591 3964 770 4029 sententias
782 3962 937 4030 dicemus
950 3960 1193 4033 Veteranorum
1206 3956 1296 4025 arbi·

190 4062 303 4158 trabit
326 4062 419 4148 quod
433 4084 550 4139 eornm
563 4064 744 4141 fastidium,
759 4080 838 4146 qum
856 4067 950 4127 tanta
973 4061 1164 4145 arrogantis
1177 4064 1241 4143 est,
1253 4063 1298 4128 ut

191 4162 553 4264 ndsrbitrinmeorum
567 4164 669 4231 etiam
684 4164 910 4254 Imperatores
924 4162 1108 4247 delimus
1118 4160 1147 4227 l'
1291 4230 1296 4239 ,

256 4254 531 4345 neaeram.
719 4280 784 4345 nep.
1201 4276 1227 4342 s
