3059 4867
487 327 567 414 ivr.
604 355 986 433 interimentes.
1227 357 1297 426 m.

172 495 176 502 '
195 519 326 570 resnou
336 503 389 570 its
400 507 530 590 magnus
541 507 649 592 copiis
658 514 733 575 suot
745 515 869 591 gestam
884 511 943 576 sed
958 511 1106 594 proiecto
1119 533 1295 598 nunquam

196 606 241 668 ab
260 609 358 670 tam¹⁰
380 609 468 672 tenui
495 609 592 672 initio
618 618 720 675 tantae
744 629 828 692 opes
856 622 936 677 sunt
959 612 1153 694 profligatae.
1199 615 1294 683 Natu

195 703 374 772 duodecim
388 710 644 773 adolescentulim
669 712 820 774 coierunt
841 731 886 776 ex
909 713 973 790 hie,
996 714 1052 795 qui
1076 715 1181 779 exilio
1203 723 1293 782 erant

193 809 355 888 mulctati,
385 829 462 872 cum
491 811 626 875 omnino
654 833 717 876 non
744 819 856 878 essent
892 814 1036 897 emplius
1064 821 1203 892 centum,
1232 817 1296 900 qui
1333 871 1335 879 ,
1385 875 1387 878 .

105 917 110 923 ’
193 913 287 974 tanto
315 931 351 973 se
380 912 532 976 offerrent
562 913 726 994 periculo:
750 933 817 996 que
841 915 1008 996 paucitate
1033 917 1223 996 perculso¹¹,
1240 924 1292 982 est
1397 977 1402 988 ,
1509 949 1512 958 ’

193 1007 526 1086 Lacedaemoniorum
540 1015 701 1096 potentia.
746 1015 794 1078 Hi
809 1017 899 1078 enim
922 1035 985 1081 non
1008 1016 1113 1096 magis
1133 1016 1294 1087 adversa.
1395 1067 1397 1071 ,

192 1111 313 1176 riorum
330 1113 503 1190 factioni‚¹²
519 1134 620 1196 qnam
642 1115 854 1197 Spartanis,¹³
876 1135 918 1180 eu
932 1121 1077 1198 tempore
1098 1117 1218 1182 bellurn
1242 1119 1291 1186 in·

192 1213 354 1286 tulerunt:
378 1214 437 1297 qui
462 1213 629 1298 p'rincipes
652 1222 745 1278 erant
767 1218 869 1281 totius
884 1217 1050 1282 Graeciae:
1073 1237 1213 1300 quorum
1226 1220 1289 1286 int·

191 1316 306 1398 perii¹⁴
317 1317 502 1401 majestas,¹¹
515 1338 620 1400 neque
639 1319 689 1382 ita
712 1319 816 1383 multo
831 1325 920 1401 post,
935 1319 1125 1410 ,Leuctrica
1140 1329 1289 1402 pugna,¹⁵

191 1417 236 1482 ab
259 1417 323 1481 hoc
346 1418 444 1482 initio
469 1421 634 1501 perculsa,
662 1419 850 1486 concidit.¹⁶
895 1421 950 1485 llli
974 1422 1074 1502 igitur
1097 1419 1288 1499 duodecim,

190 1537 330 1600 quorum
354 1529 425 1584 crat
448 1521 548 1604 dux¹⁷
567 1521 761 1604 Pelopidas,
791 1541 868 1586 oum
885 1522 1026 1586 Athenis
1039 1520 1180 1586 interdiu
1196 1507 1288 1589 exis'·

189 1625 334 1699 pentat
360 1631 616 1705 vesperascente
647 1623 736 1688 eoelo
764 1623 901 1689 Thebas
922 1627 1063 1707 possent
1089 1623 1289 1706 pervenire*

222 1830 233 1857 t
248 1825 308 1874 Cena
317 1826 347 1875 dc
355 1825 395 1877 die
403 1826 508 1878 Attenia
513 1826 616 1892 profecti
624 1833 711 1892 emo,
721 1832 891 1878 stremrrmc
900 1832 968 1878 nocte
977 1826 1066 1878 rtetm
1072 1827 1167 1892 ingredi
1176 1829 1288 1880 omnent.

647 1973 827 2006 anquene?

187 2082 239 2116 aar
246 2083 291 2131 que
301 2069 349 2120 Ed.
360 2069 470 2120 Ata—t
478 2071 525 2120 Sic
533 2071 585 2123 Ms.
595 2073 663 2122 Dan.
672 2073 732 2124 Sar.
743 2072 865 2122 Mendes.
882 2070 957 2122 Leid.
969 2075 994 2122 ².
1012 2072 1085 2122 Voss.
1099 2075 1123 2120 l.
1134 2075 1158 2122 2.
1171 2070 1220 2134 [Et
1232 2070 1288 2133 plu·

187 2132 260 2198 timu
284 2142 349 2182 vett.
371 2143 451 2197 atque
470 2150 558 2185 omnes
575 2136 648 2186 Edd.
671 2144 731 2198 post
749 2139 811 2186 Bos.
822 2142 846 2187 ἣ.
864 2135 967 2194 Recte;
994 2143 1082 2200 atque,
1098 2150 1170 2184 more
1188 2135 1291 2186 narina

186 2197 292 2259 usitato,
302 2213 360 2247 voe.
376 2200 543 2262 magistratus
554 2201 579 2249 iu
591 2202 685 2264 plurali
696 2215 803 2250 numero
813 2199 846 2249 de
857 2201 978 2262 collegio,
988 2199 1014 2248 lt.
1024 2201 1041 2248 l.
1052 2199 1288 2260 Potemarcuormr,

188 2259 313 2327 adhiberi,
325 2261 431 2338 uberim
447 2263 536 2313 docuit
552 2265 639 2328 stem]
658 2264 709 2314 Sed
721 2266 837 2314 mosim
851 2266 1005 2326 magistratus
1013 2264 1075 2339 'Mn
1089 2263 1164 2338 Leid.
1176 2267 1199 2311 1.
1212 2263 1288 2325 megi·

185 2328 829 2465 tzttt.lettrttttttttrlttttlttit
837 2327 1289 2454 ilitlffliiifflillffli

166 2483 170 2490 ›
186 2453 279 2502 Statim
290 2453 401 2502 amanter
414 2456 466 2502 llls.
485 2456 625 2504 nocet-s
643 2456 787 2504 Consuadet
799 2457 852 2502 Ma.
866 2454 939 2504 Leid.
957 2460 983 2506 2.
1002 2455 1072 2503 Dan.
1098 2459 1220 2504 coemant
1235 2455 1286 2507 Me.

185 2511 262 2567 Voss.
272 2521 297 2566 1.
313 2523 437 2567 tinuerit
456 2519 506 2566 Ed.
524 2519 589 2580 Arg.
606 2518 691 2580 [song.
709 2519 830 2578 Mage-tl
846 2517 894 2580 Spe
909 2518 959 2566 Mt.
982 2518 1055 2566 Leid.
1075 2523 1167 2568 a-ro
1183 2519 1222 2568 Ab
1237 2523 1286 2572 tu·

185 2579 238 2632 lde.
251 2581 327 2632 Voss.
339 2587 363 2631 2.
375 2587 426 2632 tom
435 2582 868 2632 abtmiMs.Dan.—11Perrrtssu
880 2581 930 2631 Ms.
942 2582 1010 2630 Dan.
1023 2581 1098 2630 Leid.
1106 2584 1132 2630 2.
1142 2582 1217 2631 Voss.
1230 2586 1287 2632 1.tt.

185 2643 234 2694 Ed.
253 2646 326 2696 dens.
345 2647 417 2699 Med.
436 2645 502 2709 Arg.
522 2646 585 2699 Par.
605 2645 666 2694 ΑΜ.
690 2648 770 2709 Loug.
786 2647 859 2709 Mag.
882 2645 970 2694 Lamb.
989 2644 1080 2706 Steph.
1093 2645 1177 2694 Gebh.
1193 2645 1288 2698 Boeol.

184 2704 284 2758 Keoelr.
302 2716 326 2758 t.
353 2712 414 2760 Bos.
427 2714 451 2760 1.
478 2711 577 2759 solenni
594 2713 800 2773 permutatione:
819 2711 855 2774 [r.
876 2709 954 2771 infra,
972 2721 1056 2760 xvtrt.
1072 2713 1097 2760 t.
1119 2709 1170 2757 Sed
1189 2709 1288 2762 rectius

181 2773 333 2836 pervadendi.
348 2789 372 2822 e.
385 2773 491 2836 afflicta,
506 2774 556 2824 Ed.
567 2775 630 2825 Bos.
641 2779 665 2824 ὓ.
683 2784 711 2824 et
728 2789 800 2839 seqq.
816 2789 840 2821 v.
854 2773 980 2836 Heusing.
993 2773 1026 2822 ad
1043 2773 1094 2821 lnl.
1106 2773 1150 2836 qui
1167 2773 1247 2824 ettam
1259 2774 1286 2824 iu

184 2837 271 2905 indice
281 2853 337 2889 roc.
346 2839 469 2900 medere
479 2841 503 2888 tr.
513 2839 530 2886 l.
543 2841 579 2889 its
591 2839 768 2902 legerejubet.
800 2836 887 2902 Atque
895 2839 967 2886 Stat.
979 2835 1011 2886 ad
1021 2843 1083 2886 sect.
1095 2839 1119 2888 4.
1136 2836 1169 2884 dc
1179 2837 1204 2884 ri
1214 2837 1290 2894 rarbi

224 2903 317 2969 cedere,
328 2903 417 2952 Burro.
435 2911 463 2952 et
478 2903 553 2952 Harl.
574 2905 608 2952 ad
628 2904 714 2950 Valer.
733 2903 817 2951 Flacc.
830 2915 859 2950 tr.
872 2901 991 2964 ull-tt
1009 2900 1131 2952 Fectiosis
1147 2899 1194 2950 Ed.
1211 2901 1287 2956 Jeus.

216 2967 256 3016 ed.
267 2965 397 3028 Are-lt
415 2967 531 3029 Spartani
542 2968 593 3016 Ms.
603 2967 678 3016 Voss.
689 2971 778 3016 n-tt
794 2965 839 3014 Sic
857 2967 907 3014 Ma.
919 2965 987 3016 Dan.
998 2965 1118 3014 Mendes.
1130 2964 1181 3016 Aa.
1194 2966 1284 3020 Bocel.

184 3028 257 3080 Iaeid.
269 3035 293 3080 l.
311 3031 385 3080 Voss.
398 3036 420 3081 l.
431 3035 457 3080 2.
476 3033 524 3080 Ed.
534 3032 594 3080 Sar.
606 3032 678 3095 [Bos.
690 3038 718 3081 et
732 3030 818 3094 seqq.]
828 3029 880 3078 Sed
892 3029 1016 3092 imperioso
1027 3030 1076 3079 Ed.
1089 3029 1179 3078 Lamb.
1191 3029 1284 3092 Steph.

185 3093 269 3144 Geblt.
283 3096 384 3144 Kench.
395 3095 491 3144 Patar.
502 3096 601 3157 irnperio
612 3095 661 3145 Ed.
679 3095 752 3147 Jens.
763 3095 836 3142 Med.
850 3095 911 3154 Arg.
927 3096 984 3144 l’ar.
998 3093 1080 3158 Long.
1091 3095 1227 3154 Man-rt
1239 3093 1287 3144 Sin

185 3158 237 3207 Ms.
246 3159 314 3208 Dan.
326 3160 376 3208 Art.
387 3160 615 3222 Boeel.[Ed.Bos.
627 3167 655 3209 et
665 3158 750 3223 teum]
760 3157 813 3207 Sed
824 3163 878 3220 post
888 3157 1036 3206 Iaeuctriconr
1043 3172 1147 3220 pugnum
1158 3157 1209 3205 Ms.
1223 3157 1283 3206 Sar.

184 3223 305 3273 Mendes.
317 3223 390 3273 leid.
402 3229 427 3273 2.
444 3225 519 3273 Voss.
532 3229 556 3273 l.
573 3223 621 3272 ml.
630 3223 703 3275 Jens.
714 3221 787 3272 Med.
800 3221 864 3284 Arg.
876 3221 1006 3271 Paneild.
1016 3221 1099 3284 Long.
1110 3221 1182 3283 Mag.
1191 3219 1283 3270 Lamb.

184 3287 275 3351 Steplt.
298 3289 458 3338 Pron-ro
474 3289 517 3337 lta
532 3289 583 3337 llis.
601 3289 671 3336 Dan.
692 3286 742 3337 Ax.
762 3285 882 3334 Mendes.
903 3285 952 3334 Ed.
975 3287 1034 3334 Sar.
1055 3283 1117 3348 [Ed.
1130 3285 1191 3332 Bos.
1208 3288 1232 3334 2.
1256 3291 1284 3332 et

184 3358 297 3404 mcentt.
308 3353 398 3402 necte
432 3353 474 3402 De
484 3359 613 3415 potestate
623 3351 696 3400 verbi
705 3351 811 3415 permitto
823 3365 848 3398 v.
859 3363 898 3397 nr.
913 3355 951 3399 11.
962 3357 990 3398 et
1001 3349 1173 3411 compositum
1183 3347 1284 3398 amtor

184 3415 237 3464 vim
246 3416 381 3480 intendit]
396 3419 448 3468 Sed
455 3431 565 3480 percum
572 3417 655 3468 cecidit
666 3417 718 3465 Ma.
728 3416 803 3464 Voss.
812 3419 837 3468 t.
855 3415 962 3474 perculso
972 3413 1057 3462 cecidit
1066 3412 1115 3464 Ed.
1125 3412 1197 3464 Jent.
1209 3411 1285 3466 Med.
1393 3415 1395 3420 ’

184 3478 250 3545 Arg.
267 3481 329 3530 Par.
351 3481 411 3531 sto.
431 3477 512 3545 L'ong.
530 3482 603 3546 Mag.
623 3479 715 3531 Lamb.
734 3479 826 3542 steph.
844 3477 930 3528 Geth.
950 3477 1040 3527 Boecl.
1058 3478 1158 3528 Kench.
1176 3476 1238 3530 Bos.
1258 3480 1286 3530 1.

676 3638 786 3690 NOTAE

214 3773 236 3803 ¹
251 3771 316 3820 Nora
330 3771 451 3821 medemur
466 3769 643 3834 sdotmentult]
668 3771 711 3818 De
750 3769 874 3819 dicontur
901 3767 934 3817 sd
961 3767 1163 3818 ostentationem
1194 3765 1283 3818 eximii

182 3861 456 3896 eorumnumerocum
466 3847 569 3910 Nepote
580 3847 712 3896 consentit
750 3845 937 3909 Spartanorum
955 3843 1063 3906 Imperii
1084 3859 1162 3908 super
1181 3857 1281 3893 omnent

182 3923 356 3982 Plutarchum
382 3932 410 3972 at
438 3939 483 3971 ses
504 3931 604 3973 tantum
622 3925 711 3976 erulos
751 3919 901 3971 Graeclam:
927 3918 1015 3967 scribit
1037 3920 1104 3966 enirn
1125 3917 1282 3970 Plutarchus

182 3998 263 4050 fuisse
279 4016 337 4050 cum
355 4001 458 4049 Melone
476 4015 570 4049 unoex
581 4000 711 4050 'l'ltebanis
751 3997 778 4046 in
799 3993 934 4058 Pelopida,
954 4000 1015 4042 ante
1036 3995 1199 4045 Leuctricam
1218 3995 1281 4060 pug-

182 4075 309 4137 'exulibnn
327 4075 372 4140 qui
393 4076 518 4140 septimus
539 4081 606 4136 erat,
629 4075 712 4125 refert
750 4086 810 4121 nam
831 4077 915 4120 tantas
938 4067 1189 4120 Lacedaemoniorum
1213 4070 1281 4120 vires

181 4141 437 4216 §temperaretur
448 4150 535 4200 Grac.
546 4149 591 4199 lib.
604 4163 629 4199 v.
639 4153 678 4200 rt.
751 4145 842 4210 inisse,
858 4152 885 4196 et
905 4151 958 4195 tam
977 4143 1057 4195 firmis
1075 4146 1183 4196 vinculis
1192 4161 1281 4198 eorum

186 4225 191 4234 ’
215 4233 228 4260 ·
245 4227 352 4286 θυι-ιιι
376 4225 472 4294 marti
491 4225 624 4291 moisem,
644 4225 712 4297 liare
750 4223 886 4290 imperium
902 4219 983 4272 inisse
1001 4221 1145 4286 astrictum,
1162 4223 1282 4309 utyulgq
