3059 4867
264 380 308 445 16
349 382 350 387 ’
634 392 815 441 consumi
841 389 998 439 aaronis

265 538 350 609 siam
366 538 433 603 aevi
448 536 638 623 quenquam
659 536 775 613 alium,
798 532 899 619 hujus
923 534 1035 619 operia
1056 536 1222 598 auctorem
1244 530 1360 612 fuisse,

264 659 349 727 pura
370 644 405 705 et
428 632 583 703 Romana
606 634 706 721 hujus
728 636 823 700 Libri
846 634 950 700 dictio
972 632 1222 701 evidentissime
1245 636 1362 718 arguit.

265 740 412 808 Accedit
426 746 460 805 et
475 738 581 803 altera
600 738 726 823 duplex
748 736 845 815 ratio,
860 734 954 819 quod
974 736 1128 800 nimirum
1149 734 1204 819 (ut
1227 734 1264 799 in
1286 735 1362 819 ejus

267 845 337 909 vitu
349 842 458 926 inquit
467 837 631 925 Vossius)
653 838 822 904 ‘Tulliani
843 857 918 903 esse
942 838 1008 903 aevi
1028 836 1233 921 scriptorem,
1252 856 1363 921 neque

267 945 368 1011 alium
383 961 484 1027 quem
500 939 683 1024 Nepotem,
697 946 770 1003 tum
783 945 932 1005 veterum
946 939 1075 1025 aliquot
1088 938 1264 1003 Librorum
1277 938 1363 1003 iudi-

269 1048 322 1111 cio
336 1047 568 1129 cognoscitnr;
590 1043 785 1119 tumeliam,
801 1041 947 1126 quodad
967 1041 1089 1125 Pomp.
1115 1038 1267 1105 Atticum
1288 1038 1364 1126 (cu-

264 1148 323 1233 jus
347 1145 437 1211 idem
456 1150 575 1228 rogatu
590 1144 632 1210 de
653 1144 724 1209 vite
745 1140 883 1207 Catonis
906 1140 1046 1206 Librum
1057 1140 1152 1225 fecit)
1177 1139 1270 1205 vitae
1287 1142 1363 1223 istae

269 1246 473 1315 scribantur!
517 1247 685 1314 Praeterea
698 1244 746 1309 eo‘
761 1244 798 1308 in
822 1263 925 1329 opere
942 1244 1046 1309 multa
1066 1243 1225 1325 leguntur,
1240 1242 1365 1327 ‘quae,'

269 1354 306 1415 ut
320 1347 407 1415 idem
421 1347 570 1427 Vossius
585 1345 708 1435 ibidem
724 1347 785 1422 ait,
807 1348 914 1428 ‘opus
934 1344 998 1409 hoc
1020 1346 1182 1427 scriptum
1202 1334 1276 1408 esse
1295 1344 1365 1410 cla·

269 1452 361 1514 mant
375 1468 443 1534 quo
458 1454 606 1531 ternpore
620 1446 804 1530 Pompeius
817 1452 852 1513 et
866 1446 985 1512 Caesar
997 1448 1075 1531 plus
1087 1452 1250 1531 poterant,
1264 1467 1365 1531 quam

270 1552 373 1617 libera
400 1551 437 1615 in
466 1548 554 1635 Rep.
582 1548 781 1633 expediret!
836 1549 926 1615 Haec
952 1554 1060 1614 autem
1087 1549 1199 1614 omnia
1222 1546 1365 1633 Dionys.

273 1652 456 1717 Lambinus
472 1652 662 1735 congessit:
684 1671 821 1735 quorum
836 1657 947 1716 tamen
960 1652 1146 1734 praecipua,
1168 1656 1204 1717 et
1223 1668 1301 1734 quae
1322 1649 1368 1715 ad

272 1754 432 1819 intentum
446 1760 592 1819 nostrum
604 1752 713 1836 megds
728 1754 928 1831 conducent,
938 1755 1055 1821 ceteris
1070 1752 1238 1818 brevitatis
1251 1770 1367 1831 causa

174 1900 177 1911 .
245 1926 247 1931 ,
273 1856 354 1940 quia
368 1857 467 1940 plura
489 1861 577 1933 sunt,
599 1857 746 1934 semotis,
773 1856 913 1937 seligere
936 1852 1045 1920 liceat.
1089 1853 1239 1921 Primum
1255 1862 1368 1919 autam

272 1976 318 2023 ex
348 1956 502 2023 Miltiade
526 1956 576 2021 sic
605 1954 762 2021 habetur:
799 1954 932 2040 ‘Cujus
957 1955 1110 2020 victoriae
1133 1974 1201 2020 non
1221 1954 1369 2021 alienum

272 2060 412 2137 videtur,
427 2057 525 2141 quale
536 2056 711 2141 praemium
727 2056 877 2122 Miltiadi
890 2056 937 2121 sit
950 2056 1121 2134 tribuam,
1135 2057 1274 2137 docere;
1302 2075 1369 2139 quo

272 2160 406 2225 facilius
434 2160 573 2241 intelligi
597 2159 705 2240 possit
740 2159 879 2223 eandem
906 2159 1053 2222 omnium
1082 2155 1265 2221 civitatum
1294 2176 1371 2223 ease

273 2266 445 2325 natrrram:
468 2265 505 2324 ut
525 2258 642 2342 populi
666 2260 772 2323 nostri
792 2259 936 2323 honores
959 2258 1127 2341 quondam
1152 2258 1282 2323 fueraut
1304 2260 1370 2323 reri

272 2367 307 2427 et
321 2356 446 2439 tennes
461 2362 505 2425 ob
520 2356 660 2441 eamque
686 2376 826 2424 causam
847 2347 995 2446 gloriosi,
1022 2379 1111 2424 nuuc
1137 2365 1248 2424 autern
1272 2359 1370 2425 effusi

275 2470 376 2548 atque
402 2461 563 2541 obsoleti3
592 2462 644 2533 sic
667 2460 747 2525 olim
771 2461 859 2545 apnd
885 2460 1100 2527 Athenienses
1123 2461 1229 2527 inisse
1250 2464 1371 2547 reperi·

271 2562 373 2629 mus?
417 2562 507 2627 Haec
523 2568 633 2627 autem
650 2564 765 2642 verba,
783 2550 890 2649 iuquit
912 2564 1106 2642 lambinus,
1122 2570 1263 2645 arguunt
1285 2565 1371 2629 hunc

273 2666 413 2731 »Librum
428 2664 589 2747 scriptum
605 2684 695 2742 esse,
709 2684 777 2749 quo
790 2672 937 2749 tempore
960 2684 1064 2750 penes
1081 2666 1244 2749 populum
1258 2666 1373 2750 aliqua

277 2764 386 2830 adhuc
407 2770 557 2849 potestas
586 2768 677 2843 erat;
710 2784 775 2828 uon
801 2770 949 2850 tempore
973 2766 1167 2845 Theodosii,
1195 2785 1264 2850 qno
1290 2764 1372 2830 nihil

277 2865 425 2950 populus
440 2870 583 2948 poterat.
627 2864 671 2929 In
683 2864 916 2949 Epaminonda
937 2854 1016 2933 uero
1031 2868 1081 2933 sic
1106 2868 1245 2951 legitur:
1267 2866 1372 2945 ‘Quo

272 2972 427 3050 tempore
442 2966 540 3031 Duce
553 2965 723 3051 Pelopida
737 2970 855 3034 exules
865 2967 1000 3035 Thebas
1014 2956 1229 3053 occuparunt,
1240 2974 1274 3032 et
1285 2986 1373 3052 pree-

272 3064 398 3133 ·s'idium
413 3065 744 3133 Lacaedernoniorom
768 3090 814 3134 ex
839 3088 924 3142 arce,
939 3072 1150 3155 expulerunt,
1172 3054 1373 3150 Epaminon·

279 3172 354 3249 das,
370 3170 518 3254 quaudiu
543 3171 636 3236 sacta
661 3162 712 3235 'est
739 3172 855 3238 credes
884 3173 1021 3252 civium,
1045 3173 1137 3237 domi
1165 3191 1204 3237 se
1228 3172 1372 3248 retinuit,

279 3268 369 3356 quod
383 3291 492 3357 neque
506 3274 613 3340 malos
628 3272 806 3339 defendere
819 3276 964 3354 volebat,
978 3294 1088 3359 neque
1109 3274 1313 3356 impugnare,
1329 3292 1373 3337 ue

273 3392 396 3437 manus
409 3393 545 3443 suorum
559 3375 719 3456 sauguine
734 3383 930 3441 cruentaret.
975 3375 1132 3458 Namque
1147 3392 1276 3438 omnem
1291 3375 1374 3439 civi·

278 3470 343 3539 lero
358 3475 543 3551 victoriam,
558 3474 726 3541 funestam
747 3476 913 3560 putabat!
959 3474 1102 3540 Videtur
1119 3474 1174 3538 bis
1188 3474 1310 3552 verbis,
1323 3475 1375 3538 in·

223 3648 226 3655 ⁴
280 3576 365 3659 quit,
380 3582 493 3641 noster
510 3576 666 3658 scriptor,
686 3581 720 3641 et
744 3575 824 3641 belli
848 3576 958 3642 civilis
982 3582 1148 3653 auctores,
1174 3574 1375 3660 Pompeium

277 3678 313 3739 et
326 3671 509 3752 Caesarem,
523 3676 559 3741 in
572 3695 638 3760 quo
651 3682 780 3742 tantrrm
802 3676 973 3763 sauguinis
995 3676 1107 3741 civilis
1122 3676 1304 3760 profusum
1317 3677 1375 3754 sit,

279 3780 405 3854 notare,
421 3782 454 3842 et
467 3778 568 3843 tacite
584 3777 764 3861 Pomponii
784 3768 889 3845 Attici
911 3777 1088 3841 consilinm
1101 3780 1302 3861 approbare,
1317 3780 1376 3862 qui

279 3876 380 3943 bellis
399 3878 566 3958 uirilibus,
582 3897 660 3961 qum
686 3879 721 3941 iu
743 3877 818 3961 ejus
843 3882 973 3943 etaoem
999 3878 1193 3959 inciderunt,
1217 3880 1376 3947 interesse

280 3978 434 4057 uoluerit,
449 3984 510 4045 &c
554 3978 603 4045 At
626 3980 707 4044 illud
732 3999 813 4044 saue
836 3980 1243 4066 perspicunm1est,quod
1266 3982 1317 4046 sic
1332 3999 1377 4045 ex

281 4078 443 4161 Agesilao
456 4084 643 4165 excipitur:
665 4080 735 4167 ‘Iu
752 4083 824 4147 lroc
845 4100 913 4148 uon
934 4084 1043 4148 minos
1056 4084 1129 4168 ejus
1142 4082 1253 4167 pietas
1265 4085 1377 4167 suspi-

282 4180 401 4246 cienda
424 4188 486 4262 est,
499 4202 598 4266 quam
622 4183 725 4248 virtus
750 4182 890 4255 bellica:
913 4185 1063 4267 quicum
1078 4184 1197 4250 victori
1211 4192 1376 4270 praeesset
